2023-11-14-bithumb-btc-orderbook
   ,  price  ,quantity  ,type,         timestamp
0,49448000,0.2124,0,2023-11-13 22:23:46
1,49447000,0.0053,0,2023-11-13 22:23:46
2,49446000,0.0042,0,2023-11-13 22:23:46
3,49445000,0.0051,0,2023-11-13 22:23:46
4,49444000,0.0050,0,2023-11-13 22:23:46
0,49450000,0.0046,1,2023-11-13 22:23:46
1,49451000,0.0050,1,2023-11-13 22:23:46
2,49452000,0.0083,1,2023-11-13 22:23:46
3,49453000,0.0056,1,2023-11-13 22:23:46
4,49454000,0.0057,1,2023-11-13 22:23:46
   ,   price , quantity ,e  ,          timestamp
0,49451000,0.0034,0,2023-11-13 22:23:51
1,49449000,0.0055,0,2023-11-13 22:23:51
2,49448000,0.0059,0,2023-11-13 22:23:51
3,49447000,0.0053,0,2023-11-13 22:23:51
4,49446000,0.0042,0,2023-11-13 22:23:51
0,49452000,0.0013,1,2023-11-13 22:23:51
1,49453000,0.0056,1,2023-11-13 22:23:51
2,49454000,0.0057,1,2023-11-13 22:23:51
3,49455000,0.0041,1,2023-11-13 22:23:51
4,49456000,0.0216,1,2023-11-13 22:23:51
   ,   price , quantity ,e  ,          timestamp
0,49476000,0.2158,0,2023-11-13 22:23:56
1,49475000,0.0547,0,2023-11-13 22:23:56
2,49474000,0.0883,0,2023-11-13 22:23:56
3,49473000,0.0001,0,2023-11-13 22:23:56
4,49472000,0.0041,0,2023-11-13 22:23:56
0,49478000,0.0010,1,2023-11-13 22:23:56
1,49479000,0.0137,1,2023-11-13 22:23:56
2,49480000,0.0056,1,2023-11-13 22:23:56
3,49481000,0.0050,1,2023-11-13 22:23:56
4,49482000,0.0054,1,2023-11-13 22:23:56
   ,   price , quantity ,e  ,          timestamp
0,49489000,0.0863,0,2023-11-13 22:24:01
1,49487000,2.6117,0,2023-11-13 22:24:01
2,49486000,0.3527,0,2023-11-13 22:24:01
3,49485000,0.0990,0,2023-11-13 22:24:01
4,49484000,0.0731,0,2023-11-13 22:24:01
0,49494000,0.0019,1,2023-11-13 22:24:01
1,49495000,0.0060,1,2023-11-13 22:24:01
2,49496000,0.0075,1,2023-11-13 22:24:01
3,49500000,0.0083,1,2023-11-13 22:24:01
4,49501000,0.0010,1,2023-11-13 22:24:01
   ,   price , quantity ,e  ,          timestamp
0,49499000,0.2647,0,2023-11-13 22:24:06
1,49498000,0.2046,0,2023-11-13 22:24:06
2,49497000,0.0928,0,2023-11-13 22:24:06
3,49496000,0.0055,0,2023-11-13 22:24:06
4,49495000,0.0912,0,2023-11-13 22:24:06
0,49501000,0.0071,1,2023-11-13 22:24:06
1,49502000,0.0051,1,2023-11-13 22:24:06
2,49503000,0.0050,1,2023-11-13 22:24:06
3,49504000,0.0043,1,2023-11-13 22:24:06
4,49505000,0.0047,1,2023-11-13 22:24:06
   ,   price , quantity ,e  ,          timestamp
0,49491000,0.1966,0,2023-11-13 22:24:11
1,49490000,0.0053,0,2023-11-13 22:24:11
2,49489000,0.0527,0,2023-11-13 22:24:11
3,49488000,0.0047,0,2023-11-13 22:24:11
4,49487000,0.0055,0,2023-11-13 22:24:11
0,49494000,0.0057,1,2023-11-13 22:24:11
1,49495000,0.0050,1,2023-11-13 22:24:11
2,49496000,0.0054,1,2023-11-13 22:24:11
3,49497000,0.0055,1,2023-11-13 22:24:11
4,49498000,0.0056,1,2023-11-13 22:24:11
   ,   price , quantity ,e  ,          timestamp
0,49493000,0.0042,0,2023-11-13 22:24:16
1,49492000,0.0056,0,2023-11-13 22:24:16
2,49491000,0.0061,0,2023-11-13 22:24:16
3,49490000,0.0049,0,2023-11-13 22:24:16
4,49489000,0.0043,0,2023-11-13 22:24:16
0,49495000,0.0050,1,2023-11-13 22:24:16
1,49496000,0.0054,1,2023-11-13 22:24:16
2,49497000,0.0055,1,2023-11-13 22:24:16
3,49498000,0.0056,1,2023-11-13 22:24:16
4,49499000,0.0100,1,2023-11-13 22:24:16
   ,   price , quantity ,e  ,          timestamp
0,49491000,0.0061,0,2023-11-13 22:24:21
1,49490000,0.0049,0,2023-11-13 22:24:21
2,49489000,0.0045,0,2023-11-13 22:24:21
3,49488000,0.0047,0,2023-11-13 22:24:21
4,49487000,0.0055,0,2023-11-13 22:24:21
0,49495000,0.2655,1,2023-11-13 22:24:21
1,49496000,0.1375,1,2023-11-13 22:24:21
2,49497000,0.0055,1,2023-11-13 22:24:21
3,49498000,0.0056,1,2023-11-13 22:24:21
4,49499000,0.0262,1,2023-11-13 22:24:21
   ,   price , quantity ,e  ,          timestamp
0,49489000,0.2162,0,2023-11-13 22:24:26
1,49488000,0.0047,0,2023-11-13 22:24:26
2,49487000,0.0055,0,2023-11-13 22:24:26
3,49486000,0.0051,0,2023-11-13 22:24:26
4,49485000,0.0537,0,2023-11-13 22:24:26
0,49491000,0.0049,1,2023-11-13 22:24:26
1,49492000,0.0059,1,2023-11-13 22:24:26
2,49493000,0.0026,1,2023-11-13 22:24:26
3,49494000,0.0052,1,2023-11-13 22:24:26
4,49495000,0.1111,1,2023-11-13 22:24:26
   ,   price , quantity ,e  ,          timestamp
0,49491000,0.0051,0,2023-11-13 22:24:31
1,49490000,0.0046,0,2023-11-13 22:24:31
2,49489000,0.0045,0,2023-11-13 22:24:31
3,49488000,0.0527,0,2023-11-13 22:24:31
4,49487000,0.0055,0,2023-11-13 22:24:31
0,49492000,0.0059,1,2023-11-13 22:24:31
1,49493000,0.0026,1,2023-11-13 22:24:31
2,49494000,0.0052,1,2023-11-13 22:24:31
3,49495000,0.0157,1,2023-11-13 22:24:31
4,49496000,0.0053,1,2023-11-13 22:24:31
   ,   price , quantity ,e  ,          timestamp
0,49497000,0.0056,0,2023-11-13 22:24:36
1,49496000,0.0043,0,2023-11-13 22:24:36
2,49495000,0.0055,0,2023-11-13 22:24:36
3,49494000,0.0929,0,2023-11-13 22:24:36
4,49493000,0.0059,0,2023-11-13 22:24:36
0,49499000,0.1592,1,2023-11-13 22:24:36
1,49500000,0.0070,1,2023-11-13 22:24:36
2,49501000,0.0054,1,2023-11-13 22:24:36
3,49502000,0.0053,1,2023-11-13 22:24:36
4,49503000,0.0050,1,2023-11-13 22:24:36
   ,   price , quantity ,e  ,          timestamp
0,49499000,0.2097,0,2023-11-13 22:24:41
1,49497000,0.0052,0,2023-11-13 22:24:41
2,49496000,0.0522,0,2023-11-13 22:24:41
3,49495000,0.0055,0,2023-11-13 22:24:41
4,49494000,0.0929,0,2023-11-13 22:24:41
0,49500000,0.0049,1,2023-11-13 22:24:41
1,49503000,0.0022,1,2023-11-13 22:24:41
2,49504000,0.0045,1,2023-11-13 22:24:41
3,49505000,0.0049,1,2023-11-13 22:24:41
4,49506000,0.0041,1,2023-11-13 22:24:41
   ,   price , quantity ,e  ,          timestamp
0,49497000,0.2034,0,2023-11-13 22:24:46
1,49496000,0.0043,0,2023-11-13 22:24:46
2,49495000,0.0532,0,2023-11-13 22:24:46
3,49494000,0.0048,0,2023-11-13 22:24:46
4,49493000,0.0059,0,2023-11-13 22:24:46
0,49498000,0.0086,1,2023-11-13 22:24:46
1,49499000,0.0052,1,2023-11-13 22:24:46
2,49502000,0.0049,1,2023-11-13 22:24:46
3,49503000,0.0058,1,2023-11-13 22:24:46
4,49504000,0.0020,1,2023-11-13 22:24:46
   ,   price , quantity ,e  ,          timestamp
0,49488000,0.0039,0,2023-11-13 22:24:51
1,49487000,0.0055,0,2023-11-13 22:24:51
2,49486000,0.0051,0,2023-11-13 22:24:51
3,49485000,0.0057,0,2023-11-13 22:24:51
4,49484000,0.0056,0,2023-11-13 22:24:51
0,49490000,0.0043,1,2023-11-13 22:24:51
1,49491000,0.1955,1,2023-11-13 22:24:51
2,49492000,0.0056,1,2023-11-13 22:24:51
3,49493000,0.0053,1,2023-11-13 22:24:51
4,49494000,0.0360,1,2023-11-13 22:24:51
   ,   price , quantity ,e  ,          timestamp
0,49489000,0.3104,0,2023-11-13 22:24:56
1,49487000,0.0049,0,2023-11-13 22:24:56
2,49486000,0.0051,0,2023-11-13 22:24:56
3,49485000,0.0057,0,2023-11-13 22:24:56
4,49484000,0.0056,0,2023-11-13 22:24:56
0,49490000,0.0042,1,2023-11-13 22:24:56
1,49491000,0.0046,1,2023-11-13 22:24:56
2,49492000,0.0056,1,2023-11-13 22:24:56
3,49493000,0.0053,1,2023-11-13 22:24:56
4,49494000,0.0360,1,2023-11-13 22:24:56
   ,   price , quantity ,e  ,          timestamp
0,49492000,0.2621,0,2023-11-13 22:25:01
1,49491000,0.1803,0,2023-11-13 22:25:01
2,49490000,0.0058,0,2023-11-13 22:25:01
3,49489000,0.0512,0,2023-11-13 22:25:01
4,49488000,0.0051,0,2023-11-13 22:25:01
0,49493000,0.0053,1,2023-11-13 22:25:01
1,49494000,0.0059,1,2023-11-13 22:25:01
2,49495000,0.0047,1,2023-11-13 22:25:01
3,49496000,0.0055,1,2023-11-13 22:25:01
4,49497000,0.0080,1,2023-11-13 22:25:01
   ,   price , quantity ,e  ,          timestamp
0,49493000,0.0159,0,2023-11-13 22:25:06
1,49492000,0.2178,0,2023-11-13 22:25:06
2,49491000,0.0058,0,2023-11-13 22:25:06
3,49490000,0.0058,0,2023-11-13 22:25:06
4,49489000,0.0042,0,2023-11-13 22:25:06
0,49495000,0.1158,1,2023-11-13 22:25:06
1,49496000,0.0055,1,2023-11-13 22:25:06
2,49497000,0.0043,1,2023-11-13 22:25:06
3,49498000,0.0056,1,2023-11-13 22:25:06
4,49499000,0.0052,1,2023-11-13 22:25:06
   ,   price , quantity ,e  ,          timestamp
0,49490000,0.0001,0,2023-11-13 22:25:11
1,49489000,0.0042,0,2023-11-13 22:25:11
2,49488000,0.0051,0,2023-11-13 22:25:11
3,49487000,0.0049,0,2023-11-13 22:25:11
4,49486000,0.0051,0,2023-11-13 22:25:11
0,49496000,0.0055,1,2023-11-13 22:25:11
1,49497000,0.0082,1,2023-11-13 22:25:11
2,49498000,0.0056,1,2023-11-13 22:25:11
3,49499000,0.0351,1,2023-11-13 22:25:11
4,49500000,0.0838,1,2023-11-13 22:25:11
   ,   price , quantity ,e  ,          timestamp
0,49490000,0.0016,0,2023-11-13 22:25:16
1,49489000,0.0044,0,2023-11-13 22:25:16
2,49488000,0.0051,0,2023-11-13 22:25:16
3,49487000,0.0051,0,2023-11-13 22:25:16
4,49486000,0.0053,0,2023-11-13 22:25:16
0,49493000,0.0641,1,2023-11-13 22:25:16
1,49494000,0.0059,1,2023-11-13 22:25:16
2,49495000,0.0052,1,2023-11-13 22:25:16
3,49498000,0.0206,1,2023-11-13 22:25:16
4,49499000,0.0054,1,2023-11-13 22:25:16
   ,   price , quantity ,e  ,          timestamp
0,49487000,0.0043,0,2023-11-13 22:25:21
1,49486000,0.0059,0,2023-11-13 22:25:21
2,49485000,0.0049,0,2023-11-13 22:25:21
3,49484000,0.0054,0,2023-11-13 22:25:21
4,49483000,0.0049,0,2023-11-13 22:25:21
0,49488000,0.0108,1,2023-11-13 22:25:21
1,49489000,0.0051,1,2023-11-13 22:25:21
2,49490000,0.0041,1,2023-11-13 22:25:21
3,49491000,0.0059,1,2023-11-13 22:25:21
4,49492000,0.0059,1,2023-11-13 22:25:21
   ,   price , quantity ,e  ,          timestamp
0,49490000,0.1851,0,2023-11-13 22:25:26
1,49489000,0.0054,0,2023-11-13 22:25:26
2,49488000,0.0044,0,2023-11-13 22:25:26
3,49487000,0.0515,0,2023-11-13 22:25:26
4,49486000,0.0059,0,2023-11-13 22:25:26
0,49491000,0.7280,1,2023-11-13 22:25:26
1,49492000,0.0059,1,2023-11-13 22:25:26
2,49493000,0.0057,1,2023-11-13 22:25:26
3,49494000,0.0059,1,2023-11-13 22:25:26
4,49495000,0.0052,1,2023-11-13 22:25:26
   ,   price , quantity ,e  ,          timestamp
0,49494000,0.2260,0,2023-11-13 22:25:31
1,49493000,1.1039,0,2023-11-13 22:25:31
2,49492000,0.0061,0,2023-11-13 22:25:31
3,49491000,0.0143,0,2023-11-13 22:25:31
4,49490000,0.0105,0,2023-11-13 22:25:31
0,49495000,0.0052,1,2023-11-13 22:25:31
1,49499000,0.0054,1,2023-11-13 22:25:31
2,49500000,0.0002,1,2023-11-13 22:25:31
3,49502000,0.0051,1,2023-11-13 22:25:31
4,49503000,0.0002,1,2023-11-13 22:25:31
   ,   price , quantity ,e  ,          timestamp
0,49513000,0.2334,0,2023-11-13 22:25:36
1,49512000,0.0505,0,2023-11-13 22:25:36
2,49511000,0.0042,0,2023-11-13 22:25:36
3,49510000,0.9386,0,2023-11-13 22:25:36
4,49509000,0.0164,0,2023-11-13 22:25:36
0,49518000,0.0033,1,2023-11-13 22:25:36
1,49519000,0.0057,1,2023-11-13 22:25:36
2,49520000,0.0060,1,2023-11-13 22:25:36
3,49521000,0.0092,1,2023-11-13 22:25:36
4,49523000,0.0002,1,2023-11-13 22:25:36
   ,   price , quantity ,e  ,          timestamp
0,49523000,0.2078,0,2023-11-13 22:25:41
1,49522000,0.0058,0,2023-11-13 22:25:41
2,49521000,0.0563,0,2023-11-13 22:25:41
3,49520000,0.0526,0,2023-11-13 22:25:41
4,49519000,0.0046,0,2023-11-13 22:25:41
0,49525000,0.0002,1,2023-11-13 22:25:41
1,49526000,0.0125,1,2023-11-13 22:25:41
2,49527000,0.0110,1,2023-11-13 22:25:41
3,49528000,0.0051,1,2023-11-13 22:25:41
4,49529000,0.0063,1,2023-11-13 22:25:41
   ,   price , quantity ,e  ,          timestamp
0,49525000,0.0044,0,2023-11-13 22:25:46
1,49524000,0.0039,0,2023-11-13 22:25:46
2,49523000,0.0278,0,2023-11-13 22:25:46
3,49522000,0.0058,0,2023-11-13 22:25:46
4,49521000,0.6878,0,2023-11-13 22:25:46
0,49530000,0.0673,1,2023-11-13 22:25:46
1,49531000,0.0052,1,2023-11-13 22:25:46
2,49532000,0.0509,1,2023-11-13 22:25:46
3,49533000,0.0053,1,2023-11-13 22:25:46
4,49534000,0.0892,1,2023-11-13 22:25:46
   ,   price , quantity ,e  ,          timestamp
0,49525000,0.6954,0,2023-11-13 22:25:51
1,49524000,0.0039,0,2023-11-13 22:25:51
2,49523000,0.0285,0,2023-11-13 22:25:51
3,49522000,0.0058,0,2023-11-13 22:25:51
4,49521000,0.0051,0,2023-11-13 22:25:51
0,49528000,0.0062,1,2023-11-13 22:25:51
1,49529000,0.0098,1,2023-11-13 22:25:51
2,49530000,0.1679,1,2023-11-13 22:25:51
3,49531000,0.0052,1,2023-11-13 22:25:51
4,49532000,0.0051,1,2023-11-13 22:25:51
   ,   price , quantity ,e  ,          timestamp
0,49529000,0.0214,0,2023-11-13 22:25:56
1,49528000,0.7179,0,2023-11-13 22:25:56
2,49527000,0.0521,0,2023-11-13 22:25:56
3,49526000,0.0578,0,2023-11-13 22:25:56
4,49525000,0.0044,0,2023-11-13 22:25:56
0,49531000,0.0052,1,2023-11-13 22:25:56
1,49532000,0.0051,1,2023-11-13 22:25:56
2,49533000,0.0053,1,2023-11-13 22:25:56
3,49534000,0.0060,1,2023-11-13 22:25:56
4,49535000,0.0057,1,2023-11-13 22:25:56
   ,   price , quantity ,e  ,          timestamp
0,49536000,0.0159,0,2023-11-13 22:26:01
1,49532000,0.0525,0,2023-11-13 22:26:01
2,49531000,0.0061,0,2023-11-13 22:26:01
3,49530000,0.0057,0,2023-11-13 22:26:01
4,49529000,0.0053,0,2023-11-13 22:26:01
0,49537000,0.0054,1,2023-11-13 22:26:01
1,49538000,0.0060,1,2023-11-13 22:26:01
2,49539000,0.0858,1,2023-11-13 22:26:01
3,49540000,0.0979,1,2023-11-13 22:26:01
4,49541000,0.0077,1,2023-11-13 22:26:01
   ,   price , quantity ,e  ,          timestamp
0,49544000,0.0171,0,2023-11-13 22:26:06
1,49540000,0.0049,0,2023-11-13 22:26:06
2,49539000,0.0056,0,2023-11-13 22:26:06
3,49538000,0.7659,0,2023-11-13 22:26:06
4,49537000,0.0076,0,2023-11-13 22:26:06
0,49545000,0.0044,1,2023-11-13 22:26:06
1,49546000,0.0057,1,2023-11-13 22:26:06
2,49547000,0.0058,1,2023-11-13 22:26:06
3,49548000,0.0054,1,2023-11-13 22:26:06
4,49549000,0.0061,1,2023-11-13 22:26:06
   ,   price , quantity ,e  ,          timestamp
0,49558000,0.0055,0,2023-11-13 22:26:11
1,49557000,0.0059,0,2023-11-13 22:26:11
2,49556000,0.0415,0,2023-11-13 22:26:11
3,49555000,0.0061,0,2023-11-13 22:26:11
4,49554000,0.0052,0,2023-11-13 22:26:11
0,49559000,0.2117,1,2023-11-13 22:26:11
1,49560000,0.0055,1,2023-11-13 22:26:11
2,49561000,0.0043,1,2023-11-13 22:26:11
3,49562000,0.0055,1,2023-11-13 22:26:11
4,49563000,0.0059,1,2023-11-13 22:26:11
   ,   price , quantity ,e  ,          timestamp
0,49565000,0.0118,0,2023-11-13 22:26:16
1,49561000,0.7614,0,2023-11-13 22:26:16
2,49560000,0.0049,0,2023-11-13 22:26:16
3,49559000,0.0041,0,2023-11-13 22:26:16
4,49558000,0.0055,0,2023-11-13 22:26:16
0,49566000,0.0055,1,2023-11-13 22:26:16
1,49567000,0.0047,1,2023-11-13 22:26:16
2,49568000,0.0060,1,2023-11-13 22:26:16
3,49569000,0.0085,1,2023-11-13 22:26:16
4,49570000,0.0897,1,2023-11-13 22:26:16
   ,   price , quantity ,e  ,          timestamp
0,49572000,0.0040,0,2023-11-13 22:26:21
1,49571000,0.0056,0,2023-11-13 22:26:21
2,49570000,0.0051,0,2023-11-13 22:26:21
3,49569000,0.0044,0,2023-11-13 22:26:21
4,49568000,0.0045,0,2023-11-13 22:26:21
0,49575000,0.2458,1,2023-11-13 22:26:21
1,49576000,0.0047,1,2023-11-13 22:26:21
2,49577000,0.0828,1,2023-11-13 22:26:21
3,49578000,0.0044,1,2023-11-13 22:26:21
4,49579000,0.0043,1,2023-11-13 22:26:21
   ,   price , quantity ,e  ,          timestamp
0,49574000,0.0081,0,2023-11-13 22:26:26
1,49573000,0.0047,0,2023-11-13 22:26:26
2,49572000,0.0053,0,2023-11-13 22:26:26
3,49571000,0.2909,0,2023-11-13 22:26:26
4,49570000,0.0051,0,2023-11-13 22:26:26
0,49575000,0.2171,1,2023-11-13 22:26:26
1,49576000,0.0882,1,2023-11-13 22:26:26
2,49577000,0.0827,1,2023-11-13 22:26:26
3,49578000,0.0043,1,2023-11-13 22:26:26
4,49579000,0.0082,1,2023-11-13 22:26:26
   ,   price , quantity ,e  ,          timestamp
0,49573000,0.0045,0,2023-11-13 22:26:31
1,49572000,0.0054,0,2023-11-13 22:26:31
2,49571000,0.1069,0,2023-11-13 22:26:31
3,49570000,0.0051,0,2023-11-13 22:26:31
4,49569000,0.0044,0,2023-11-13 22:26:31
0,49575000,0.0051,1,2023-11-13 22:26:31
1,49576000,0.3000,1,2023-11-13 22:26:31
2,49577000,0.0827,1,2023-11-13 22:26:31
3,49578000,0.0044,1,2023-11-13 22:26:31
4,49579000,0.0044,1,2023-11-13 22:26:31
   ,   price , quantity ,e  ,          timestamp
0,49572000,0.0428,0,2023-11-13 22:26:36
1,49571000,0.1069,0,2023-11-13 22:26:36
2,49570000,0.0081,0,2023-11-13 22:26:36
3,49569000,0.0045,0,2023-11-13 22:26:36
4,49568000,0.0607,0,2023-11-13 22:26:36
0,49574000,0.0003,1,2023-11-13 22:26:36
1,49575000,0.0041,1,2023-11-13 22:26:36
2,49577000,0.0363,1,2023-11-13 22:26:36
3,49578000,0.0044,1,2023-11-13 22:26:36
4,49579000,0.0044,1,2023-11-13 22:26:36
   ,   price , quantity ,e  ,          timestamp
0,49569000,0.0043,0,2023-11-13 22:26:41
1,49568000,0.0046,0,2023-11-13 22:26:41
2,49567000,0.1044,0,2023-11-13 22:26:41
3,49566000,0.0042,0,2023-11-13 22:26:41
4,49565000,0.0859,0,2023-11-13 22:26:41
0,49570000,0.1102,1,2023-11-13 22:26:41
1,49573000,0.0291,1,2023-11-13 22:26:41
2,49574000,0.0061,1,2023-11-13 22:26:41
3,49575000,0.0908,1,2023-11-13 22:26:41
4,49576000,0.0043,1,2023-11-13 22:26:41
   ,   price , quantity ,e  ,          timestamp
0,49568000,0.0048,0,2023-11-13 22:26:46
1,49567000,0.0050,0,2023-11-13 22:26:46
2,49566000,0.0927,0,2023-11-13 22:26:46
3,49565000,0.0052,0,2023-11-13 22:26:46
4,49564000,0.0049,0,2023-11-13 22:26:46
0,49570000,0.0038,1,2023-11-13 22:26:46
1,49571000,0.0051,1,2023-11-13 22:26:46
2,49572000,0.0059,1,2023-11-13 22:26:46
3,49573000,0.0779,1,2023-11-13 22:26:46
4,49574000,0.0061,1,2023-11-13 22:26:46
   ,   price , quantity ,e  ,          timestamp
0,49569000,0.0058,0,2023-11-13 22:26:50
1,49568000,0.0048,0,2023-11-13 22:26:50
2,49567000,0.0050,0,2023-11-13 22:26:50
3,49566000,0.0042,0,2023-11-13 22:26:50
4,49565000,0.0052,0,2023-11-13 22:26:50
0,49570000,0.1448,1,2023-11-13 22:26:50
1,49571000,0.0051,1,2023-11-13 22:26:50
2,49572000,0.0059,1,2023-11-13 22:26:50
3,49573000,0.0533,1,2023-11-13 22:26:50
4,49574000,0.0061,1,2023-11-13 22:26:50
   ,   price , quantity ,e  ,          timestamp
0,49568000,0.0048,0,2023-11-13 22:26:55
1,49567000,0.0050,0,2023-11-13 22:26:55
2,49566000,0.0042,0,2023-11-13 22:26:55
3,49565000,0.0052,0,2023-11-13 22:26:55
4,49564000,0.0049,0,2023-11-13 22:26:55
0,49569000,0.1929,1,2023-11-13 22:26:55
1,49570000,0.1351,1,2023-11-13 22:26:55
2,49571000,0.0051,1,2023-11-13 22:26:55
3,49572000,0.0534,1,2023-11-13 22:26:55
4,49573000,0.0054,1,2023-11-13 22:26:55
   ,   price , quantity ,e  ,          timestamp
0,49567000,0.2167,0,2023-11-13 22:27:00
1,49566000,0.0042,0,2023-11-13 22:27:00
2,49565000,0.0052,0,2023-11-13 22:27:00
3,49564000,0.0049,0,2023-11-13 22:27:00
4,49563000,0.0047,0,2023-11-13 22:27:00
0,49569000,1.4247,1,2023-11-13 22:27:00
1,49570000,0.0108,1,2023-11-13 22:27:00
2,49571000,0.0051,1,2023-11-13 22:27:00
3,49572000,0.0059,1,2023-11-13 22:27:00
4,49573000,0.0054,1,2023-11-13 22:27:00
   ,   price , quantity ,e  ,          timestamp
0,49565000,0.1724,0,2023-11-13 22:27:05
1,49564000,0.0049,0,2023-11-13 22:27:05
2,49563000,0.0047,0,2023-11-13 22:27:05
3,49562000,0.0001,0,2023-11-13 22:27:05
4,49561000,0.0426,0,2023-11-13 22:27:05
0,49566000,0.0369,1,2023-11-13 22:27:05
1,49567000,0.0041,1,2023-11-13 22:27:05
2,49568000,0.0050,1,2023-11-13 22:27:05
3,49569000,0.0047,1,2023-11-13 22:27:05
4,49570000,0.0057,1,2023-11-13 22:27:05
   ,   price , quantity ,e  ,          timestamp
0,49570000,0.2214,0,2023-11-13 22:27:10
1,49569000,0.0041,0,2023-11-13 22:27:10
2,49568000,0.0422,0,2023-11-13 22:27:10
3,49567000,0.0059,0,2023-11-13 22:27:10
4,49566000,0.0608,0,2023-11-13 22:27:10
0,49571000,0.0050,1,2023-11-13 22:27:10
1,49572000,0.0057,1,2023-11-13 22:27:10
2,49573000,0.0052,1,2023-11-13 22:27:10
3,49574000,0.0061,1,2023-11-13 22:27:10
4,49575000,0.0046,1,2023-11-13 22:27:10
   ,   price , quantity ,e  ,          timestamp
0,49570000,0.2223,0,2023-11-13 22:27:15
1,49569000,0.2158,0,2023-11-13 22:27:15
2,49568000,0.0052,0,2023-11-13 22:27:15
3,49567000,0.0431,0,2023-11-13 22:27:15
4,49566000,0.0552,0,2023-11-13 22:27:15
0,49571000,0.0056,1,2023-11-13 22:27:15
1,49572000,0.0042,1,2023-11-13 22:27:15
2,49573000,0.0052,1,2023-11-13 22:27:15
3,49574000,0.0061,1,2023-11-13 22:27:15
4,49575000,0.0046,1,2023-11-13 22:27:15
   ,   price , quantity ,e  ,          timestamp
0,49576000,0.0059,0,2023-11-13 22:27:20
1,49575000,0.0087,0,2023-11-13 22:27:20
2,49574000,0.0056,0,2023-11-13 22:27:20
3,49573000,0.0057,0,2023-11-13 22:27:20
4,49572000,0.0055,0,2023-11-13 22:27:20
0,49578000,0.0044,1,2023-11-13 22:27:20
1,49579000,0.0081,1,2023-11-13 22:27:20
2,49580000,0.1327,1,2023-11-13 22:27:20
3,49581000,0.0051,1,2023-11-13 22:27:20
4,49582000,0.0060,1,2023-11-13 22:27:20
   ,   price , quantity ,e  ,          timestamp
0,49563000,0.0049,0,2023-11-13 22:27:25
1,49562000,0.0003,0,2023-11-13 22:27:25
2,49561000,0.0059,0,2023-11-13 22:27:25
3,49560000,0.0091,0,2023-11-13 22:27:25
4,49559000,0.0044,0,2023-11-13 22:27:25
0,49564000,0.0346,1,2023-11-13 22:27:25
1,49565000,0.0035,1,2023-11-13 22:27:25
2,49569000,0.0052,1,2023-11-13 22:27:25
3,49570000,1.4941,1,2023-11-13 22:27:25
4,49571000,0.0944,1,2023-11-13 22:27:25
   ,   price , quantity ,e  ,          timestamp
0,49566000,0.6459,0,2023-11-13 22:27:30
1,49565000,0.0056,0,2023-11-13 22:27:30
2,49564000,0.0044,0,2023-11-13 22:27:30
3,49563000,0.0041,0,2023-11-13 22:27:30
4,49562000,0.0003,0,2023-11-13 22:27:30
0,49570000,0.0041,1,2023-11-13 22:27:30
1,49571000,0.0047,1,2023-11-13 22:27:30
2,49572000,0.0055,1,2023-11-13 22:27:30
3,49573000,0.0496,1,2023-11-13 22:27:30
4,49574000,0.0057,1,2023-11-13 22:27:30
   ,   price , quantity ,e  ,          timestamp
0,49570000,0.7760,0,2023-11-13 22:27:35
1,49569000,0.0050,0,2023-11-13 22:27:35
2,49568000,0.0107,0,2023-11-13 22:27:35
3,49567000,0.0053,0,2023-11-13 22:27:35
4,49566000,0.0059,0,2023-11-13 22:27:35
0,49572000,0.0004,1,2023-11-13 22:27:35
1,49573000,0.0055,1,2023-11-13 22:27:35
2,49574000,0.0057,1,2023-11-13 22:27:35
3,49575000,0.0056,1,2023-11-13 22:27:35
4,49576000,0.0108,1,2023-11-13 22:27:35
   ,   price , quantity ,e  ,          timestamp
0,49573000,0.0095,0,2023-11-13 22:27:40
1,49572000,0.5074,0,2023-11-13 22:27:40
2,49571000,0.2395,0,2023-11-13 22:27:40
3,49570000,0.0061,0,2023-11-13 22:27:40
4,49569000,0.0050,0,2023-11-13 22:27:40
0,49576000,0.2225,1,2023-11-13 22:27:40
1,49577000,0.0112,1,2023-11-13 22:27:40
2,49578000,0.8775,1,2023-11-13 22:27:40
3,49579000,0.0046,1,2023-11-13 22:27:40
4,49580000,0.1857,1,2023-11-13 22:27:40
   ,   price , quantity ,e  ,          timestamp
0,49568000,0.0048,0,2023-11-13 22:27:45
1,49567000,0.0053,0,2023-11-13 22:27:45
2,49566000,0.0059,0,2023-11-13 22:27:45
3,49565000,0.0056,0,2023-11-13 22:27:45
4,49564000,0.0044,0,2023-11-13 22:27:45
0,49569000,0.0018,1,2023-11-13 22:27:45
1,49570000,0.2220,1,2023-11-13 22:27:45
2,49571000,0.0060,1,2023-11-13 22:27:45
3,49572000,0.1243,1,2023-11-13 22:27:45
4,49573000,0.1379,1,2023-11-13 22:27:45
   ,   price , quantity ,e  ,          timestamp
0,49564000,0.0053,0,2023-11-13 22:27:50
1,49563000,0.0048,0,2023-11-13 22:27:50
2,49562000,0.0047,0,2023-11-13 22:27:50
3,49561000,0.0722,0,2023-11-13 22:27:50
4,49559000,0.0083,0,2023-11-13 22:27:50
0,49565000,1.6270,1,2023-11-13 22:27:50
1,49566000,0.0038,1,2023-11-13 22:27:50
2,49567000,0.0141,1,2023-11-13 22:27:50
3,49568000,0.0053,1,2023-11-13 22:27:50
4,49569000,0.0047,1,2023-11-13 22:27:50
   ,   price , quantity ,e  ,          timestamp
0,49562000,0.0047,0,2023-11-13 22:27:55
1,49561000,0.0051,0,2023-11-13 22:27:55
2,49559000,0.0719,0,2023-11-13 22:27:55
3,49558000,0.0055,0,2023-11-13 22:27:55
4,49557000,0.0064,0,2023-11-13 22:27:55
0,49563000,0.0085,1,2023-11-13 22:27:55
1,49564000,0.0047,1,2023-11-13 22:27:55
2,49565000,1.4253,1,2023-11-13 22:27:55
3,49566000,0.0038,1,2023-11-13 22:27:55
4,49567000,0.0059,1,2023-11-13 22:27:55
   ,   price , quantity ,e  ,          timestamp
0,49559000,0.0719,0,2023-11-13 22:28:00
1,49558000,0.0055,0,2023-11-13 22:28:00
2,49557000,0.0064,0,2023-11-13 22:28:00
3,49556000,0.0003,0,2023-11-13 22:28:00
4,49554000,0.0052,0,2023-11-13 22:28:00
0,49563000,1.4330,1,2023-11-13 22:28:00
1,49564000,0.0047,1,2023-11-13 22:28:00
2,49565000,0.0053,1,2023-11-13 22:28:00
3,49566000,0.0038,1,2023-11-13 22:28:00
4,49567000,0.0059,1,2023-11-13 22:28:00
   ,   price , quantity ,e  ,          timestamp
0,49553000,0.0003,0,2023-11-13 22:28:05
1,49552000,0.0097,0,2023-11-13 22:28:05
2,49551000,0.0065,0,2023-11-13 22:28:05
3,49550000,0.0048,0,2023-11-13 22:28:05
4,49549000,0.0059,0,2023-11-13 22:28:05
0,49556000,0.0612,1,2023-11-13 22:28:05
1,49557000,0.0057,1,2023-11-13 22:28:05
2,49558000,1.4304,1,2023-11-13 22:28:05
3,49559000,0.0590,1,2023-11-13 22:28:05
4,49560000,0.0041,1,2023-11-13 22:28:05
   ,   price , quantity ,e  ,          timestamp
0,49551000,0.0065,0,2023-11-13 22:28:10
1,49550000,0.0048,0,2023-11-13 22:28:10
2,49549000,0.0059,0,2023-11-13 22:28:10
3,49548000,0.0047,0,2023-11-13 22:28:10
4,49547000,0.0064,0,2023-11-13 22:28:10
0,49552000,1.4251,1,2023-11-13 22:28:10
1,49553000,0.0325,1,2023-11-13 22:28:10
2,49554000,0.0046,1,2023-11-13 22:28:10
3,49555000,0.0079,1,2023-11-13 22:28:10
4,49556000,0.0973,1,2023-11-13 22:28:10
   ,   price , quantity ,e  ,          timestamp
0,49545000,0.0002,0,2023-11-13 22:28:15
1,49544000,0.0044,0,2023-11-13 22:28:15
2,49543000,0.0057,0,2023-11-13 22:28:15
3,49542000,0.0128,0,2023-11-13 22:28:15
4,49541000,0.0060,0,2023-11-13 22:28:15
0,49549000,0.0044,1,2023-11-13 22:28:15
1,49550000,0.1114,1,2023-11-13 22:28:15
2,49551000,0.1657,1,2023-11-13 22:28:15
3,49552000,0.0061,1,2023-11-13 22:28:15
4,49553000,0.0059,1,2023-11-13 22:28:15
   ,   price , quantity ,e  ,          timestamp
0,49543000,0.0003,0,2023-11-13 22:28:20
1,49542000,0.0128,0,2023-11-13 22:28:20
2,49541000,0.0060,0,2023-11-13 22:28:20
3,49540000,0.0088,0,2023-11-13 22:28:20
4,49539000,0.0055,0,2023-11-13 22:28:20
0,49544000,0.0130,1,2023-11-13 22:28:20
1,49545000,0.0905,1,2023-11-13 22:28:20
2,49546000,0.0053,1,2023-11-13 22:28:20
3,49547000,0.0551,1,2023-11-13 22:28:20
4,49548000,0.0061,1,2023-11-13 22:28:20
   ,   price , quantity ,e  ,          timestamp
0,49544000,0.2169,0,2023-11-13 22:28:25
1,49543000,0.2120,0,2023-11-13 22:28:25
2,49542000,0.0128,0,2023-11-13 22:28:25
3,49541000,0.0060,0,2023-11-13 22:28:25
4,49540000,0.0088,0,2023-11-13 22:28:25
0,49547000,0.0047,1,2023-11-13 22:28:25
1,49548000,0.0561,1,2023-11-13 22:28:25
2,49549000,0.0044,1,2023-11-13 22:28:25
3,49550000,0.0059,1,2023-11-13 22:28:25
4,49551000,0.5787,1,2023-11-13 22:28:25
   ,   price , quantity ,e  ,          timestamp
0,49546000,0.0059,0,2023-11-13 22:28:30
1,49545000,0.0058,0,2023-11-13 22:28:30
2,49544000,0.0002,0,2023-11-13 22:28:30
3,49543000,0.0003,0,2023-11-13 22:28:30
4,49542000,0.0128,0,2023-11-13 22:28:30
0,49548000,0.0488,1,2023-11-13 22:28:30
1,49549000,0.0044,1,2023-11-13 22:28:30
2,49550000,0.0059,1,2023-11-13 22:28:30
3,49551000,0.1291,1,2023-11-13 22:28:30
4,49552000,0.4557,1,2023-11-13 22:28:30
   ,   price , quantity ,e  ,          timestamp
0,49541000,0.0054,0,2023-11-13 22:28:35
1,49540000,0.0048,0,2023-11-13 22:28:35
2,49539000,0.0055,0,2023-11-13 22:28:35
3,49538000,0.0064,0,2023-11-13 22:28:35
4,49537000,0.0056,0,2023-11-13 22:28:35
0,49542000,0.0501,1,2023-11-13 22:28:35
1,49543000,0.0111,1,2023-11-13 22:28:35
2,49544000,0.4494,1,2023-11-13 22:28:35
3,49545000,0.0042,1,2023-11-13 22:28:35
4,49546000,0.0847,1,2023-11-13 22:28:35
   ,   price , quantity ,e  ,          timestamp
0,49538000,0.0064,0,2023-11-13 22:28:40
1,49537000,0.0056,0,2023-11-13 22:28:40
2,49536000,0.0055,0,2023-11-13 22:28:40
3,49535000,0.0066,0,2023-11-13 22:28:40
4,49534000,0.0061,0,2023-11-13 22:28:40
0,49539000,0.0089,1,2023-11-13 22:28:40
1,49540000,0.0141,1,2023-11-13 22:28:40
2,49541000,0.0547,1,2023-11-13 22:28:40
3,49542000,0.0557,1,2023-11-13 22:28:40
4,49543000,0.0105,1,2023-11-13 22:28:40
   ,   price , quantity ,e  ,          timestamp
0,49537000,0.2179,0,2023-11-13 22:28:45
1,49536000,0.0055,0,2023-11-13 22:28:45
2,49535000,0.0066,0,2023-11-13 22:28:45
3,49534000,0.0061,0,2023-11-13 22:28:45
4,49533000,0.0053,0,2023-11-13 22:28:45
0,49538000,0.0012,1,2023-11-13 22:28:45
1,49539000,0.0060,1,2023-11-13 22:28:45
2,49540000,0.0052,1,2023-11-13 22:28:45
3,49541000,0.0547,1,2023-11-13 22:28:45
4,49542000,0.0056,1,2023-11-13 22:28:45
   ,   price , quantity ,e  ,          timestamp
0,49537000,0.0050,0,2023-11-13 22:28:50
1,49536000,0.0055,0,2023-11-13 22:28:50
2,49535000,0.0066,0,2023-11-13 22:28:50
3,49534000,0.0061,0,2023-11-13 22:28:50
4,49533000,0.0053,0,2023-11-13 22:28:50
0,49539000,0.0111,1,2023-11-13 22:28:50
1,49540000,0.0052,1,2023-11-13 22:28:50
2,49541000,0.0547,1,2023-11-13 22:28:50
3,49542000,0.0557,1,2023-11-13 22:28:50
4,49543000,0.0105,1,2023-11-13 22:28:50
   ,   price , quantity ,e  ,          timestamp
0,49537000,0.0050,0,2023-11-13 22:28:54
1,49536000,0.0055,0,2023-11-13 22:28:54
2,49535000,0.0066,0,2023-11-13 22:28:54
3,49534000,0.0061,0,2023-11-13 22:28:54
4,49533000,0.0053,0,2023-11-13 22:28:54
0,49538000,0.0021,1,2023-11-13 22:28:54
1,49539000,0.0111,1,2023-11-13 22:28:54
2,49540000,0.0052,1,2023-11-13 22:28:54
3,49541000,0.0547,1,2023-11-13 22:28:54
4,49542000,0.0056,1,2023-11-13 22:28:54
   ,   price , quantity ,e  ,          timestamp
0,49540000,0.0042,0,2023-11-13 22:29:00
1,49539000,0.0045,0,2023-11-13 22:29:00
2,49538000,0.0053,0,2023-11-13 22:29:00
3,49537000,0.0050,0,2023-11-13 22:29:00
4,49536000,0.0055,0,2023-11-13 22:29:00
0,49541000,0.0051,1,2023-11-13 22:29:00
1,49542000,0.0556,1,2023-11-13 22:29:00
2,49543000,0.0105,1,2023-11-13 22:29:00
3,49544000,0.0056,1,2023-11-13 22:29:00
4,49545000,0.0052,1,2023-11-13 22:29:00
   ,   price , quantity ,e  ,          timestamp
0,49537000,0.2160,0,2023-11-13 22:29:05
1,49536000,0.0055,0,2023-11-13 22:29:05
2,49535000,0.0067,0,2023-11-13 22:29:05
3,49534000,0.0061,0,2023-11-13 22:29:05
4,49533000,0.0053,0,2023-11-13 22:29:05
0,49539000,0.0039,1,2023-11-13 22:29:05
1,49541000,0.0042,1,2023-11-13 22:29:05
2,49542000,0.0049,1,2023-11-13 22:29:05
3,49543000,0.0105,1,2023-11-13 22:29:05
4,49544000,0.0556,1,2023-11-13 22:29:05
   ,   price , quantity ,e  ,          timestamp
0,49542000,0.0047,0,2023-11-13 22:29:09
1,49541000,0.0067,0,2023-11-13 22:29:09
2,49540000,0.0059,0,2023-11-13 22:29:09
3,49539000,0.0049,0,2023-11-13 22:29:09
4,49538000,0.0041,0,2023-11-13 22:29:09
0,49544000,0.0546,1,2023-11-13 22:29:09
1,49545000,0.0052,1,2023-11-13 22:29:09
2,49546000,0.4551,1,2023-11-13 22:29:09
3,49547000,0.0557,1,2023-11-13 22:29:09
4,49548000,0.0050,1,2023-11-13 22:29:09
   ,   price , quantity ,e  ,          timestamp
0,49542000,0.0049,0,2023-11-13 22:29:15
1,49541000,0.0067,0,2023-11-13 22:29:15
2,49540000,0.0061,0,2023-11-13 22:29:15
3,49539000,0.0051,0,2023-11-13 22:29:15
4,49538000,0.0041,0,2023-11-13 22:29:15
0,49544000,0.0319,1,2023-11-13 22:29:15
1,49545000,0.0052,1,2023-11-13 22:29:15
2,49546000,0.0059,1,2023-11-13 22:29:15
3,49547000,0.4555,1,2023-11-13 22:29:15
4,49548000,0.0548,1,2023-11-13 22:29:15
   ,   price , quantity ,e  ,          timestamp
0,49542000,0.2119,0,2023-11-13 22:29:19
1,49541000,0.0067,0,2023-11-13 22:29:19
2,49540000,0.0061,0,2023-11-13 22:29:19
3,49539000,0.0051,0,2023-11-13 22:29:19
4,49538000,0.0041,0,2023-11-13 22:29:19
0,49543000,0.0047,1,2023-11-13 22:29:19
1,49544000,0.0057,1,2023-11-13 22:29:19
2,49545000,0.0052,1,2023-11-13 22:29:19
3,49546000,0.0559,1,2023-11-13 22:29:19
4,49547000,0.0061,1,2023-11-13 22:29:19
   ,   price , quantity ,e  ,          timestamp
0,49546000,0.0098,0,2023-11-13 22:29:24
1,49545000,0.0468,0,2023-11-13 22:29:24
2,49544000,0.0053,0,2023-11-13 22:29:24
3,49542000,0.0041,0,2023-11-13 22:29:24
4,49541000,0.0067,0,2023-11-13 22:29:24
0,49547000,0.0061,1,2023-11-13 22:29:24
1,49548000,0.4544,1,2023-11-13 22:29:24
2,49549000,0.0046,1,2023-11-13 22:29:24
3,49550000,0.0061,1,2023-11-13 22:29:24
4,49551000,0.1291,1,2023-11-13 22:29:24
   ,   price , quantity ,e  ,          timestamp
0,49541000,0.2184,0,2023-11-13 22:29:29
1,49540000,0.0061,0,2023-11-13 22:29:29
2,49539000,0.0051,0,2023-11-13 22:29:29
3,49538000,0.0041,0,2023-11-13 22:29:29
4,49537000,0.0039,0,2023-11-13 22:29:29
0,49542000,0.0964,1,2023-11-13 22:29:29
1,49543000,0.0041,1,2023-11-13 22:29:29
2,49544000,0.0057,1,2023-11-13 22:29:29
3,49545000,0.0053,1,2023-11-13 22:29:29
4,49546000,0.0121,1,2023-11-13 22:29:29
   ,   price , quantity ,e  ,          timestamp
0,49543000,0.0046,0,2023-11-13 22:29:34
1,49542000,0.0045,0,2023-11-13 22:29:34
2,49541000,0.0067,0,2023-11-13 22:29:34
3,49540000,0.0061,0,2023-11-13 22:29:34
4,49539000,0.0051,0,2023-11-13 22:29:34
0,49545000,0.0104,1,2023-11-13 22:29:34
1,49546000,0.0556,1,2023-11-13 22:29:34
2,49547000,0.0043,1,2023-11-13 22:29:34
3,49548000,0.0046,1,2023-11-13 22:29:34
4,49549000,0.4540,1,2023-11-13 22:29:34
   ,   price , quantity ,e  ,          timestamp
0,49544000,0.0044,0,2023-11-13 22:29:40
1,49543000,0.0046,0,2023-11-13 22:29:40
2,49542000,0.0045,0,2023-11-13 22:29:40
3,49541000,0.0067,0,2023-11-13 22:29:40
4,49540000,0.0061,0,2023-11-13 22:29:40
0,49546000,0.0554,1,2023-11-13 22:29:40
1,49547000,0.0543,1,2023-11-13 22:29:40
2,49548000,0.0046,1,2023-11-13 22:29:40
3,49549000,0.4540,1,2023-11-13 22:29:40
4,49550000,0.0061,1,2023-11-13 22:29:40
   ,   price , quantity ,e  ,          timestamp
0,49544000,0.0044,0,2023-11-13 22:29:45
1,49543000,0.0046,0,2023-11-13 22:29:45
2,49542000,0.0045,0,2023-11-13 22:29:45
3,49541000,0.0046,0,2023-11-13 22:29:45
4,49540000,0.0061,0,2023-11-13 22:29:45
0,49546000,0.0108,1,2023-11-13 22:29:45
1,49547000,0.0043,1,2023-11-13 22:29:45
2,49548000,0.0546,1,2023-11-13 22:29:45
3,49549000,0.4540,1,2023-11-13 22:29:45
4,49550000,0.0061,1,2023-11-13 22:29:45
   ,   price , quantity ,e  ,          timestamp
0,49544000,0.2161,0,2023-11-13 22:29:50
1,49543000,0.0046,0,2023-11-13 22:29:50
2,49542000,0.0045,0,2023-11-13 22:29:50
3,49541000,0.0046,0,2023-11-13 22:29:50
4,49540000,0.0061,0,2023-11-13 22:29:50
0,49546000,0.0057,1,2023-11-13 22:29:50
1,49547000,0.0043,1,2023-11-13 22:29:50
2,49548000,0.0546,1,2023-11-13 22:29:50
3,49549000,0.0046,1,2023-11-13 22:29:50
4,49550000,0.4555,1,2023-11-13 22:29:50
   ,   price , quantity ,e  ,          timestamp
0,49531000,0.0524,0,2023-11-13 22:29:55
1,49530000,0.0061,0,2023-11-13 22:29:55
2,49529000,0.0062,0,2023-11-13 22:29:55
3,49528000,0.0051,0,2023-11-13 22:29:55
4,49527000,0.0004,0,2023-11-13 22:29:55
0,49532000,0.0524,1,2023-11-13 22:29:55
1,49535000,0.4998,1,2023-11-13 22:29:55
2,49542000,0.1020,1,2023-11-13 22:29:55
3,49544000,2.4000,1,2023-11-13 22:29:55
4,49545000,0.0870,1,2023-11-13 22:29:55
   ,   price , quantity ,e  ,          timestamp
0,49525000,0.0018,0,2023-11-13 22:30:00
1,49524000,0.0057,0,2023-11-13 22:30:00
2,49523000,0.0061,0,2023-11-13 22:30:00
3,49522000,0.0058,0,2023-11-13 22:30:00
4,49521000,0.0050,0,2023-11-13 22:30:00
0,49529000,0.0598,1,2023-11-13 22:30:00
1,49530000,0.0552,1,2023-11-13 22:30:00
2,49531000,0.0865,1,2023-11-13 22:30:00
3,49532000,0.2780,1,2023-11-13 22:30:00
4,49533000,0.0061,1,2023-11-13 22:30:00
   ,   price , quantity ,e  ,          timestamp
0,49518000,0.0002,0,2023-11-13 22:30:05
1,49517000,0.0056,0,2023-11-13 22:30:05
2,49516000,0.0053,0,2023-11-13 22:30:05
3,49515000,0.0056,0,2023-11-13 22:30:05
4,49514000,0.0054,0,2023-11-13 22:30:05
0,49520000,0.1718,1,2023-11-13 22:30:05
1,49521000,0.3692,1,2023-11-13 22:30:05
2,49523000,0.0548,1,2023-11-13 22:30:05
3,49524000,0.0901,1,2023-11-13 22:30:05
4,49525000,0.0057,1,2023-11-13 22:30:05
   ,   price , quantity ,e  ,          timestamp
0,49520000,0.2177,0,2023-11-13 22:30:10
1,49519000,0.0043,0,2023-11-13 22:30:10
2,49518000,0.0002,0,2023-11-13 22:30:10
3,49517000,0.0056,0,2023-11-13 22:30:10
4,49516000,0.0909,0,2023-11-13 22:30:10
0,49521000,0.0500,1,2023-11-13 22:30:10
1,49522000,0.0050,1,2023-11-13 22:30:10
2,49523000,0.0057,1,2023-11-13 22:30:10
3,49524000,0.0061,1,2023-11-13 22:30:10
4,49525000,0.0057,1,2023-11-13 22:30:10
   ,   price , quantity ,e  ,          timestamp
0,49520000,0.2177,0,2023-11-13 22:30:15
1,49519000,0.0043,0,2023-11-13 22:30:15
2,49518000,0.0002,0,2023-11-13 22:30:15
3,49517000,0.0056,0,2023-11-13 22:30:15
4,49516000,0.0290,0,2023-11-13 22:30:15
0,49522000,0.0041,1,2023-11-13 22:30:15
1,49523000,0.0042,1,2023-11-13 22:30:15
2,49524000,0.0041,1,2023-11-13 22:30:15
3,49525000,0.0057,1,2023-11-13 22:30:15
4,49526000,0.3418,1,2023-11-13 22:30:15
   ,   price , quantity ,e  ,          timestamp
0,49536000,0.2156,0,2023-11-13 22:30:20
1,49535000,0.2128,0,2023-11-13 22:30:20
2,49534000,0.0998,0,2023-11-13 22:30:20
3,49531000,0.1159,0,2023-11-13 22:30:20
4,49530000,0.0089,0,2023-11-13 22:30:20
0,49537000,0.0052,1,2023-11-13 22:30:20
1,49538000,0.0060,1,2023-11-13 22:30:20
2,49539000,0.0541,1,2023-11-13 22:30:20
3,49540000,0.0050,1,2023-11-13 22:30:20
4,49541000,0.0059,1,2023-11-13 22:30:20
   ,   price , quantity ,e  ,          timestamp
0,49533000,0.0057,0,2023-11-13 22:30:25
1,49532000,0.0055,0,2023-11-13 22:30:25
2,49531000,0.0050,0,2023-11-13 22:30:25
3,49530000,0.0049,0,2023-11-13 22:30:25
4,49529000,0.0059,0,2023-11-13 22:30:25
0,49535000,0.0879,1,2023-11-13 22:30:25
1,49536000,0.0057,1,2023-11-13 22:30:25
2,49537000,0.0052,1,2023-11-13 22:30:25
3,49538000,0.0060,1,2023-11-13 22:30:25
4,49539000,0.0522,1,2023-11-13 22:30:25
   ,   price , quantity ,e  ,          timestamp
0,49532000,0.2119,0,2023-11-13 22:30:30
1,49531000,0.2167,0,2023-11-13 22:30:30
2,49530000,0.0049,0,2023-11-13 22:30:30
3,49529000,0.0059,0,2023-11-13 22:30:30
4,49528000,0.0059,0,2023-11-13 22:30:30
0,49534000,0.0057,1,2023-11-13 22:30:30
1,49535000,0.0545,1,2023-11-13 22:30:30
2,49536000,0.0058,1,2023-11-13 22:30:30
3,49537000,0.0052,1,2023-11-13 22:30:30
4,49538000,0.0060,1,2023-11-13 22:30:30
   ,   price , quantity ,e  ,          timestamp
0,49532000,0.0048,0,2023-11-13 22:30:35
1,49530000,0.0044,0,2023-11-13 22:30:35
2,49529000,0.0060,0,2023-11-13 22:30:35
3,49528000,0.0060,0,2023-11-13 22:30:35
4,49527000,0.0044,0,2023-11-13 22:30:35
0,49534000,0.2121,1,2023-11-13 22:30:35
1,49535000,0.0045,1,2023-11-13 22:30:35
2,49536000,0.0058,1,2023-11-13 22:30:35
3,49537000,0.0536,1,2023-11-13 22:30:35
4,49538000,0.0061,1,2023-11-13 22:30:35
   ,   price , quantity ,e  ,          timestamp
0,49540000,0.0057,0,2023-11-13 22:30:39
1,49539000,0.0045,0,2023-11-13 22:30:39
2,49538000,0.1126,0,2023-11-13 22:30:39
3,49537000,0.1036,0,2023-11-13 22:30:39
4,49536000,0.0483,0,2023-11-13 22:30:39
0,49542000,0.1145,1,2023-11-13 22:30:39
1,49543000,0.0045,1,2023-11-13 22:30:39
2,49544000,0.0047,1,2023-11-13 22:30:39
3,49545000,0.0528,1,2023-11-13 22:30:39
4,49546000,0.0050,1,2023-11-13 22:30:39
   ,   price , quantity ,e  ,          timestamp
0,49540000,0.0007,0,2023-11-13 22:30:44
1,49539000,0.0045,0,2023-11-13 22:30:44
2,49538000,0.0056,0,2023-11-13 22:30:44
3,49537000,0.0045,0,2023-11-13 22:30:44
4,49536000,0.0052,0,2023-11-13 22:30:44
0,49541000,0.0098,1,2023-11-13 22:30:44
1,49542000,0.0878,1,2023-11-13 22:30:44
2,49543000,0.0045,1,2023-11-13 22:30:44
3,49544000,0.0047,1,2023-11-13 22:30:44
4,49545000,0.0527,1,2023-11-13 22:30:44
   ,   price , quantity ,e  ,          timestamp
0,49536000,0.0052,0,2023-11-13 22:30:50
1,49535000,0.0043,0,2023-11-13 22:30:50
2,49534000,0.0047,0,2023-11-13 22:30:50
3,49533000,0.0057,0,2023-11-13 22:30:50
4,49532000,0.0935,0,2023-11-13 22:30:50
0,49540000,0.0045,1,2023-11-13 22:30:50
1,49541000,0.0052,1,2023-11-13 22:30:50
2,49542000,0.0547,1,2023-11-13 22:30:50
3,49543000,0.0045,1,2023-11-13 22:30:50
4,49544000,0.0047,1,2023-11-13 22:30:50
   ,   price , quantity ,e  ,          timestamp
0,49536000,0.2202,0,2023-11-13 22:30:54
1,49535000,0.2108,0,2023-11-13 22:30:54
2,49534000,0.0047,0,2023-11-13 22:30:54
3,49533000,0.0057,0,2023-11-13 22:30:54
4,49532000,0.0287,0,2023-11-13 22:30:54
0,49538000,0.0045,1,2023-11-13 22:30:54
1,49539000,0.0044,1,2023-11-13 22:30:54
2,49540000,0.0545,1,2023-11-13 22:30:54
3,49541000,0.0052,1,2023-11-13 22:30:54
4,49542000,0.0047,1,2023-11-13 22:30:54
   ,   price , quantity ,e  ,          timestamp
0,49535000,0.0052,0,2023-11-13 22:30:59
1,49534000,0.0047,0,2023-11-13 22:30:59
2,49533000,0.0057,0,2023-11-13 22:30:59
3,49532000,0.0048,0,2023-11-13 22:30:59
4,49531000,0.0241,0,2023-11-13 22:30:59
0,49539000,0.0095,1,2023-11-13 22:30:59
1,49540000,0.0545,1,2023-11-13 22:30:59
2,49541000,0.0052,1,2023-11-13 22:30:59
3,49542000,0.0047,1,2023-11-13 22:30:59
4,49543000,0.0045,1,2023-11-13 22:30:59
   ,   price , quantity ,e  ,          timestamp
0,49539000,0.0047,0,2023-11-13 22:31:04
1,49538000,0.0098,0,2023-11-13 22:31:04
2,49537000,0.0041,0,2023-11-13 22:31:04
3,49536000,0.1050,0,2023-11-13 22:31:04
4,49535000,0.0048,0,2023-11-13 22:31:04
0,49540000,0.2524,1,2023-11-13 22:31:04
1,49541000,0.0046,1,2023-11-13 22:31:04
2,49542000,0.0047,1,2023-11-13 22:31:04
3,49543000,0.0045,1,2023-11-13 22:31:04
4,49544000,0.0047,1,2023-11-13 22:31:04
   ,   price , quantity ,e  ,          timestamp
0,49545000,0.0046,0,2023-11-13 22:31:09
1,49544000,0.0053,0,2023-11-13 22:31:09
2,49543000,0.1717,0,2023-11-13 22:31:09
3,49542000,0.0346,0,2023-11-13 22:31:09
4,49541000,0.0061,0,2023-11-13 22:31:09
0,49546000,0.0050,1,2023-11-13 22:31:09
1,49547000,0.0044,1,2023-11-13 22:31:09
2,49548000,0.0047,1,2023-11-13 22:31:09
3,49549000,0.0546,1,2023-11-13 22:31:09
4,49550000,0.0063,1,2023-11-13 22:31:09
   ,   price , quantity ,e  ,          timestamp
0,49546000,0.0357,0,2023-11-13 22:31:14
1,49544000,0.0054,0,2023-11-13 22:31:14
2,49543000,0.0060,0,2023-11-13 22:31:14
3,49542000,0.0351,0,2023-11-13 22:31:14
4,49541000,0.0063,0,2023-11-13 22:31:14
0,49549000,0.0044,1,2023-11-13 22:31:14
1,49550000,0.0061,1,2023-11-13 22:31:14
2,49551000,0.1292,1,2023-11-13 22:31:14
3,49552000,0.0061,1,2023-11-13 22:31:14
4,49553000,0.0060,1,2023-11-13 22:31:14
   ,   price , quantity ,e  ,          timestamp
0,49549000,0.0052,0,2023-11-13 22:31:19
1,49547000,0.0041,0,2023-11-13 22:31:19
2,49546000,0.0042,0,2023-11-13 22:31:19
3,49545000,0.0350,0,2023-11-13 22:31:19
4,49544000,0.0054,0,2023-11-13 22:31:19
0,49550000,0.0500,1,2023-11-13 22:31:19
1,49551000,0.1284,1,2023-11-13 22:31:19
2,49552000,0.0061,1,2023-11-13 22:31:19
3,49553000,0.0060,1,2023-11-13 22:31:19
4,49554000,0.0047,1,2023-11-13 22:31:19
   ,   price , quantity ,e  ,          timestamp
0,49551000,0.0018,0,2023-11-13 22:31:24
1,49549000,0.0052,0,2023-11-13 22:31:24
2,49547000,0.0041,0,2023-11-13 22:31:24
3,49546000,0.0849,0,2023-11-13 22:31:24
4,49545000,0.0351,0,2023-11-13 22:31:24
0,49554000,0.0051,1,2023-11-13 22:31:24
1,49555000,0.0063,1,2023-11-13 22:31:24
2,49556000,0.0559,1,2023-11-13 22:31:24
3,49557000,0.0095,1,2023-11-13 22:31:24
4,49558000,0.0061,1,2023-11-13 22:31:24
   ,   price , quantity ,e  ,          timestamp
0,49551000,0.0018,0,2023-11-13 22:31:29
1,49549000,0.0052,0,2023-11-13 22:31:29
2,49547000,0.0041,0,2023-11-13 22:31:29
3,49546000,0.0042,0,2023-11-13 22:31:29
4,49544000,0.0861,0,2023-11-13 22:31:29
0,49553000,0.1097,1,2023-11-13 22:31:29
1,49554000,0.0551,1,2023-11-13 22:31:29
2,49555000,0.0063,1,2023-11-13 22:31:29
3,49556000,0.0059,1,2023-11-13 22:31:29
4,49557000,0.0152,1,2023-11-13 22:31:29
   ,   price , quantity ,e  ,          timestamp
0,49548000,0.0043,0,2023-11-13 22:31:34
1,49547000,0.0022,0,2023-11-13 22:31:34
2,49546000,0.0042,0,2023-11-13 22:31:34
3,49544000,0.0054,0,2023-11-13 22:31:34
4,49543000,0.1246,0,2023-11-13 22:31:34
0,49551000,0.0053,1,2023-11-13 22:31:34
1,49552000,0.0540,1,2023-11-13 22:31:34
2,49553000,0.0047,1,2023-11-13 22:31:34
3,49554000,0.0051,1,2023-11-13 22:31:34
4,49555000,0.0063,1,2023-11-13 22:31:34
   ,   price , quantity ,e  ,          timestamp
0,49551000,0.0015,0,2023-11-13 22:31:39
1,49549000,0.0057,0,2023-11-13 22:31:39
2,49548000,0.0043,0,2023-11-13 22:31:39
3,49547000,0.0977,0,2023-11-13 22:31:39
4,49546000,0.0155,0,2023-11-13 22:31:39
0,49552000,0.0540,1,2023-11-13 22:31:39
1,49553000,0.0047,1,2023-11-13 22:31:39
2,49554000,0.0051,1,2023-11-13 22:31:39
3,49555000,0.0063,1,2023-11-13 22:31:39
4,49556000,0.0059,1,2023-11-13 22:31:39
   ,   price , quantity ,e  ,          timestamp
0,49550000,0.0404,0,2023-11-13 22:31:44
1,49549000,0.0057,0,2023-11-13 22:31:44
2,49548000,0.0043,0,2023-11-13 22:31:44
3,49547000,0.0022,0,2023-11-13 22:31:44
4,49546000,0.0155,0,2023-11-13 22:31:44
0,49552000,0.0306,1,2023-11-13 22:31:44
1,49553000,0.0047,1,2023-11-13 22:31:44
2,49554000,0.0051,1,2023-11-13 22:31:44
3,49555000,0.0063,1,2023-11-13 22:31:44
4,49556000,0.0059,1,2023-11-13 22:31:44
   ,   price , quantity ,e  ,          timestamp
0,49561000,0.0059,0,2023-11-13 22:31:49
1,49560000,1.4008,0,2023-11-13 22:31:49
2,49559000,0.0059,0,2023-11-13 22:31:49
3,49558000,0.0054,0,2023-11-13 22:31:49
4,49557000,0.3099,0,2023-11-13 22:31:49
0,49564000,0.0049,1,2023-11-13 22:31:49
1,49565000,0.2073,1,2023-11-13 22:31:49
2,49566000,0.0816,1,2023-11-13 22:31:49
3,49567000,0.0061,1,2023-11-13 22:31:49
4,49568000,0.0054,1,2023-11-13 22:31:49
   ,   price , quantity ,e  ,          timestamp
0,49563000,0.0308,0,2023-11-13 22:31:54
1,49562000,0.0041,0,2023-11-13 22:31:54
2,49561000,0.0041,0,2023-11-13 22:31:54
3,49560000,0.0918,0,2023-11-13 22:31:54
4,49559000,0.0059,0,2023-11-13 22:31:54
0,49569000,0.1974,1,2023-11-13 22:31:54
1,49570000,0.0054,1,2023-11-13 22:31:54
2,49571000,0.0061,1,2023-11-13 22:31:54
3,49572000,0.0056,1,2023-11-13 22:31:54
4,49573000,0.2064,1,2023-11-13 22:31:54
   ,   price , quantity ,e  ,          timestamp
0,49577000,0.0047,0,2023-11-13 22:31:59
1,49576000,0.0043,0,2023-11-13 22:31:59
2,49575000,0.0041,0,2023-11-13 22:31:59
3,49574000,0.0076,0,2023-11-13 22:31:59
4,49573000,2.4057,0,2023-11-13 22:31:59
0,49580000,0.1283,1,2023-11-13 22:31:59
1,49581000,0.2072,1,2023-11-13 22:31:59
2,49582000,0.0061,1,2023-11-13 22:31:59
3,49583000,0.0001,1,2023-11-13 22:31:59
4,49584000,0.0044,1,2023-11-13 22:31:59
   ,   price , quantity ,e  ,          timestamp
0,49582000,1.0239,0,2023-11-13 22:32:04
1,49575000,0.0041,0,2023-11-13 22:32:04
2,49574000,1.9956,0,2023-11-13 22:32:04
3,49573000,0.0057,0,2023-11-13 22:32:04
4,49572000,0.1137,0,2023-11-13 22:32:04
0,49583000,0.0020,1,2023-11-13 22:32:04
1,49584000,0.0044,1,2023-11-13 22:32:04
2,49585000,0.2070,1,2023-11-13 22:32:04
3,49586000,0.0091,1,2023-11-13 22:32:04
4,49587000,0.0581,1,2023-11-13 22:32:04
   ,   price , quantity ,e  ,          timestamp
0,49582000,0.0059,0,2023-11-13 22:32:09
1,49581000,0.0043,0,2023-11-13 22:32:09
2,49580000,0.0047,0,2023-11-13 22:32:09
3,49579000,1.9968,0,2023-11-13 22:32:09
4,49578000,0.0061,0,2023-11-13 22:32:09
0,49584000,0.2154,1,2023-11-13 22:32:09
1,49585000,0.2070,1,2023-11-13 22:32:09
2,49586000,0.0091,1,2023-11-13 22:32:09
3,49587000,0.0069,1,2023-11-13 22:32:09
4,49588000,0.1021,1,2023-11-13 22:32:09
   ,   price , quantity ,e  ,          timestamp
0,49581000,0.0329,0,2023-11-13 22:32:14
1,49580000,0.0047,0,2023-11-13 22:32:14
2,49579000,0.0059,0,2023-11-13 22:32:14
3,49578000,1.8231,0,2023-11-13 22:32:14
4,49577000,0.0049,0,2023-11-13 22:32:14
0,49583000,0.0059,1,2023-11-13 22:32:14
1,49584000,0.0226,1,2023-11-13 22:32:14
2,49585000,0.2070,1,2023-11-13 22:32:14
3,49586000,0.0091,1,2023-11-13 22:32:14
4,49587000,0.0069,1,2023-11-13 22:32:14
   ,   price , quantity ,e  ,          timestamp
0,49596000,1.8045,0,2023-11-13 22:32:19
1,49592000,0.1223,0,2023-11-13 22:32:19
2,49591000,0.0098,0,2023-11-13 22:32:19
3,49588000,0.0875,0,2023-11-13 22:32:19
4,49585000,0.1766,0,2023-11-13 22:32:19
0,49597000,0.3477,1,2023-11-13 22:32:19
1,49598000,0.2029,1,2023-11-13 22:32:19
2,49599000,0.0001,1,2023-11-13 22:32:19
3,49600000,0.0524,1,2023-11-13 22:32:19
4,49602000,0.0250,1,2023-11-13 22:32:19
   ,   price , quantity ,e  ,          timestamp
0,49593000,0.0046,0,2023-11-13 22:32:24
1,49592000,0.0054,0,2023-11-13 22:32:24
2,49591000,1.7525,0,2023-11-13 22:32:24
3,49590000,0.0053,0,2023-11-13 22:32:24
4,49589000,0.0050,0,2023-11-13 22:32:24
0,49595000,0.2303,1,2023-11-13 22:32:24
1,49596000,0.2221,1,2023-11-13 22:32:24
2,49597000,0.1247,1,2023-11-13 22:32:24
3,49598000,0.2029,1,2023-11-13 22:32:24
4,49599000,0.0056,1,2023-11-13 22:32:24
   ,   price , quantity ,e  ,          timestamp
0,49588000,0.0179,0,2023-11-13 22:32:29
1,49587000,0.0170,0,2023-11-13 22:32:29
2,49586000,0.0052,0,2023-11-13 22:32:29
3,49585000,0.0849,0,2023-11-13 22:32:29
4,49584000,0.0073,0,2023-11-13 22:32:29
0,49591000,0.0053,1,2023-11-13 22:32:29
1,49592000,0.0108,1,2023-11-13 22:32:29
2,49593000,0.0054,1,2023-11-13 22:32:29
3,49594000,0.0046,1,2023-11-13 22:32:29
4,49595000,0.0047,1,2023-11-13 22:32:29
   ,   price , quantity ,e  ,          timestamp
0,49590000,0.0051,0,2023-11-13 22:32:34
1,49588000,0.0052,0,2023-11-13 22:32:34
2,49587000,0.0137,0,2023-11-13 22:32:34
3,49586000,0.0052,0,2023-11-13 22:32:34
4,49585000,0.0043,0,2023-11-13 22:32:34
0,49591000,0.0104,1,2023-11-13 22:32:34
1,49592000,0.0057,1,2023-11-13 22:32:34
2,49593000,0.0054,1,2023-11-13 22:32:34
3,49594000,0.0046,1,2023-11-13 22:32:34
4,49595000,0.0047,1,2023-11-13 22:32:34
   ,   price , quantity ,e  ,          timestamp
0,49589000,0.0060,0,2023-11-13 22:32:39
1,49588000,0.0057,0,2023-11-13 22:32:39
2,49587000,0.0158,0,2023-11-13 22:32:39
3,49586000,1.7491,0,2023-11-13 22:32:39
4,49585000,0.0073,0,2023-11-13 22:32:39
0,49593000,0.0054,1,2023-11-13 22:32:39
1,49594000,0.0046,1,2023-11-13 22:32:39
2,49595000,0.0047,1,2023-11-13 22:32:39
3,49596000,0.0053,1,2023-11-13 22:32:39
4,49597000,0.1304,1,2023-11-13 22:32:39
   ,   price , quantity ,e  ,          timestamp
0,49587000,0.0152,0,2023-11-13 22:32:44
1,49586000,0.0052,0,2023-11-13 22:32:44
2,49585000,0.0043,0,2023-11-13 22:32:44
3,49584000,1.7480,0,2023-11-13 22:32:44
4,49583000,0.0048,0,2023-11-13 22:32:44
0,49589000,0.0108,1,2023-11-13 22:32:44
1,49590000,0.0060,1,2023-11-13 22:32:44
2,49591000,0.0057,1,2023-11-13 22:32:44
3,49592000,0.0057,1,2023-11-13 22:32:44
4,49593000,0.0054,1,2023-11-13 22:32:44
   ,   price , quantity ,e  ,          timestamp
0,49580000,0.0155,0,2023-11-13 22:32:49
1,49579000,0.0059,0,2023-11-13 22:32:49
2,49578000,0.0061,0,2023-11-13 22:32:49
3,49577000,0.0049,0,2023-11-13 22:32:49
4,49576000,0.0047,0,2023-11-13 22:32:49
0,49581000,0.2183,1,2023-11-13 22:32:49
1,49582000,0.0043,1,2023-11-13 22:32:49
2,49583000,0.0049,1,2023-11-13 22:32:49
3,49584000,0.0047,1,2023-11-13 22:32:49
4,49585000,0.4941,1,2023-11-13 22:32:49
   ,   price , quantity ,e  ,          timestamp
0,49589000,1.5267,0,2023-11-13 22:32:54
1,49588000,0.0047,0,2023-11-13 22:32:54
2,49587000,0.0041,0,2023-11-13 22:32:54
3,49586000,0.0397,0,2023-11-13 22:32:54
4,49585000,0.0060,0,2023-11-13 22:32:54
0,49590000,0.0001,1,2023-11-13 22:32:54
1,49591000,0.0057,1,2023-11-13 22:32:54
2,49592000,0.0057,1,2023-11-13 22:32:54
3,49593000,0.0054,1,2023-11-13 22:32:54
4,49594000,0.0046,1,2023-11-13 22:32:54
   ,   price , quantity ,e  ,          timestamp
0,49592000,1.3695,0,2023-11-13 22:32:59
1,49591000,0.0055,0,2023-11-13 22:32:59
2,49590000,0.0057,0,2023-11-13 22:32:59
3,49589000,0.1608,0,2023-11-13 22:32:59
4,49588000,0.0047,0,2023-11-13 22:32:59
0,49594000,0.2169,1,2023-11-13 22:32:59
1,49595000,0.0047,1,2023-11-13 22:32:59
2,49596000,0.0053,1,2023-11-13 22:32:59
3,49597000,0.1304,1,2023-11-13 22:32:59
4,49598000,0.2029,1,2023-11-13 22:32:59
   ,   price , quantity ,e  ,          timestamp
0,49594000,1.5348,0,2023-11-13 22:33:04
1,49593000,0.0055,0,2023-11-13 22:33:04
2,49592000,0.0044,0,2023-11-13 22:33:04
3,49591000,0.0055,0,2023-11-13 22:33:04
4,49590000,0.0057,0,2023-11-13 22:33:04
0,49596000,0.2221,1,2023-11-13 22:33:04
1,49597000,0.1223,1,2023-11-13 22:33:04
2,49598000,0.2029,1,2023-11-13 22:33:04
3,49599000,0.0056,1,2023-11-13 22:33:04
4,49600000,0.0579,1,2023-11-13 22:33:04
   ,   price , quantity ,e  ,          timestamp
0,49594000,0.2153,0,2023-11-13 22:33:09
1,49593000,0.0057,0,2023-11-13 22:33:09
2,49592000,0.0044,0,2023-11-13 22:33:09
3,49591000,0.0055,0,2023-11-13 22:33:09
4,49590000,0.0057,0,2023-11-13 22:33:09
0,49595000,0.2168,1,2023-11-13 22:33:09
1,49596000,0.2221,1,2023-11-13 22:33:09
2,49597000,0.1223,1,2023-11-13 22:33:09
3,49598000,0.2029,1,2023-11-13 22:33:09
4,49599000,0.0484,1,2023-11-13 22:33:09
   ,   price , quantity ,e  ,          timestamp
0,49594000,0.1898,0,2023-11-13 22:33:14
1,49593000,0.0057,0,2023-11-13 22:33:14
2,49592000,0.0044,0,2023-11-13 22:33:14
3,49591000,0.0057,0,2023-11-13 22:33:14
4,49590000,0.0059,0,2023-11-13 22:33:14
0,49595000,0.1962,1,2023-11-13 22:33:14
1,49596000,0.2221,1,2023-11-13 22:33:14
2,49597000,0.1225,1,2023-11-13 22:33:14
3,49598000,0.2031,1,2023-11-13 22:33:14
4,49599000,0.1045,1,2023-11-13 22:33:14
   ,   price , quantity ,e  ,          timestamp
0,49588000,0.0022,0,2023-11-13 22:33:19
1,49587000,0.0043,0,2023-11-13 22:33:19
2,49586000,0.1430,0,2023-11-13 22:33:19
3,49585000,0.0062,0,2023-11-13 22:33:19
4,49584000,0.0666,0,2023-11-13 22:33:19
0,49589000,0.2215,1,2023-11-13 22:33:19
1,49590000,0.2209,1,2023-11-13 22:33:19
2,49591000,0.0057,1,2023-11-13 22:33:19
3,49592000,0.0617,1,2023-11-13 22:33:19
4,49593000,0.1234,1,2023-11-13 22:33:19
   ,   price , quantity ,e  ,          timestamp
0,49589000,0.0418,0,2023-11-13 22:33:24
1,49588000,0.0052,0,2023-11-13 22:33:24
2,49586000,0.1430,0,2023-11-13 22:33:24
3,49585000,0.0062,0,2023-11-13 22:33:24
4,49584000,0.0666,0,2023-11-13 22:33:24
0,49590000,0.2158,1,2023-11-13 22:33:24
1,49591000,0.0057,1,2023-11-13 22:33:24
2,49592000,0.0055,1,2023-11-13 22:33:24
3,49593000,0.1234,1,2023-11-13 22:33:24
4,49594000,0.0616,1,2023-11-13 22:33:24
   ,   price , quantity ,e  ,          timestamp
0,49589000,0.0418,0,2023-11-13 22:33:28
1,49588000,0.0052,0,2023-11-13 22:33:28
2,49587000,0.0002,0,2023-11-13 22:33:28
3,49586000,0.1430,0,2023-11-13 22:33:28
4,49585000,0.0062,0,2023-11-13 22:33:28
0,49590000,0.0041,1,2023-11-13 22:33:28
1,49591000,0.0057,1,2023-11-13 22:33:28
2,49592000,0.0055,1,2023-11-13 22:33:28
3,49593000,0.0044,1,2023-11-13 22:33:28
4,49594000,0.0055,1,2023-11-13 22:33:28
   ,   price , quantity ,e  ,          timestamp
0,49589000,0.1791,0,2023-11-13 22:33:33
1,49588000,0.0052,0,2023-11-13 22:33:33
2,49587000,0.0002,0,2023-11-13 22:33:33
3,49586000,0.0056,0,2023-11-13 22:33:33
4,49585000,0.0062,0,2023-11-13 22:33:33
0,49590000,0.0020,1,2023-11-13 22:33:33
1,49591000,0.0057,1,2023-11-13 22:33:33
2,49592000,0.0055,1,2023-11-13 22:33:33
3,49593000,0.0044,1,2023-11-13 22:33:33
4,49594000,0.0055,1,2023-11-13 22:33:33
   ,   price , quantity ,e  ,          timestamp
0,49597000,0.3547,0,2023-11-13 22:33:38
1,49596000,0.0050,0,2023-11-13 22:33:38
2,49595000,0.0054,0,2023-11-13 22:33:38
3,49594000,0.3090,0,2023-11-13 22:33:38
4,49593000,0.0046,0,2023-11-13 22:33:38
0,49598000,0.0611,1,2023-11-13 22:33:38
1,49599000,0.0056,1,2023-11-13 22:33:38
2,49600000,0.0581,1,2023-11-13 22:33:38
3,49601000,0.0034,1,2023-11-13 22:33:38
4,49602000,0.0041,1,2023-11-13 22:33:38
   ,   price , quantity ,e  ,          timestamp
0,49602000,0.0060,0,2023-11-13 22:33:43
1,49601000,0.0046,0,2023-11-13 22:33:43
2,49599000,0.0061,0,2023-11-13 22:33:43
3,49598000,0.0043,0,2023-11-13 22:33:43
4,49596000,0.0050,0,2023-11-13 22:33:43
0,49603000,0.0020,1,2023-11-13 22:33:43
1,49605000,0.2237,1,2023-11-13 22:33:43
2,49606000,0.2835,1,2023-11-13 22:33:43
3,49607000,0.0582,1,2023-11-13 22:33:43
4,49608000,0.0137,1,2023-11-13 22:33:43
   ,   price , quantity ,e  ,          timestamp
0,49593000,0.0046,0,2023-11-13 22:33:48
1,49592000,0.0045,0,2023-11-13 22:33:48
2,49591000,0.0047,0,2023-11-13 22:33:48
3,49590000,0.0085,0,2023-11-13 22:33:48
4,49589000,0.0075,0,2023-11-13 22:33:48
0,49595000,0.2225,1,2023-11-13 22:33:48
1,49596000,0.0105,1,2023-11-13 22:33:48
2,49597000,0.0050,1,2023-11-13 22:33:48
3,49599000,0.0612,1,2023-11-13 22:33:48
4,49600000,0.0061,1,2023-11-13 22:33:48
   ,   price , quantity ,e  ,          timestamp
0,49596000,0.0550,0,2023-11-13 22:33:53
1,49595000,0.1065,0,2023-11-13 22:33:53
2,49594000,0.0045,0,2023-11-13 22:33:53
3,49593000,0.0044,0,2023-11-13 22:33:53
4,49592000,0.0045,0,2023-11-13 22:33:53
0,49597000,0.0042,1,2023-11-13 22:33:53
1,49599000,0.0043,1,2023-11-13 22:33:53
2,49600000,0.0061,1,2023-11-13 22:33:53
3,49601000,0.0060,1,2023-11-13 22:33:53
4,49602000,0.0046,1,2023-11-13 22:33:53
   ,   price , quantity ,e  ,          timestamp
0,49596000,0.0059,0,2023-11-13 22:33:58
1,49592000,0.0378,0,2023-11-13 22:33:58
2,49591000,0.0923,0,2023-11-13 22:33:58
3,49590000,0.0956,0,2023-11-13 22:33:58
4,49589000,0.0075,0,2023-11-13 22:33:58
0,49599000,0.0043,1,2023-11-13 22:33:58
1,49600000,0.0061,1,2023-11-13 22:33:58
2,49601000,0.0060,1,2023-11-13 22:33:58
3,49602000,0.0046,1,2023-11-13 22:33:58
4,49603000,0.0045,1,2023-11-13 22:33:58
   ,   price , quantity ,e  ,          timestamp
0,49599000,0.0041,0,2023-11-13 22:34:03
1,49598000,0.0057,0,2023-11-13 22:34:03
2,49594000,0.0057,0,2023-11-13 22:34:03
3,49593000,0.0883,0,2023-11-13 22:34:03
4,49592000,0.0040,0,2023-11-13 22:34:03
0,49600000,0.2168,1,2023-11-13 22:34:03
1,49601000,0.2791,1,2023-11-13 22:34:03
2,49602000,0.0054,1,2023-11-13 22:34:03
3,49603000,0.0045,1,2023-11-13 22:34:03
4,49604000,0.0060,1,2023-11-13 22:34:03
   ,   price , quantity ,e  ,          timestamp
0,49595000,0.0047,0,2023-11-13 22:34:08
1,49594000,0.0513,0,2023-11-13 22:34:08
2,49593000,0.0049,0,2023-11-13 22:34:08
3,49592000,0.0040,0,2023-11-13 22:34:08
4,49591000,0.1284,0,2023-11-13 22:34:08
0,49597000,0.0059,1,2023-11-13 22:34:08
1,49599000,0.0057,1,2023-11-13 22:34:08
2,49600000,0.0041,1,2023-11-13 22:34:08
3,49601000,0.0060,1,2023-11-13 22:34:08
4,49602000,0.0054,1,2023-11-13 22:34:08
   ,   price , quantity ,e  ,          timestamp
0,49595000,0.0034,0,2023-11-13 22:34:13
1,49593000,0.0049,0,2023-11-13 22:34:13
2,49592000,0.0040,0,2023-11-13 22:34:13
3,49591000,0.0047,0,2023-11-13 22:34:13
4,49590000,0.0085,0,2023-11-13 22:34:13
0,49596000,0.0108,1,2023-11-13 22:34:13
1,49599000,0.2225,1,2023-11-13 22:34:13
2,49600000,0.2772,1,2023-11-13 22:34:13
3,49601000,0.0060,1,2023-11-13 22:34:13
4,49602000,0.0054,1,2023-11-13 22:34:13
   ,   price , quantity ,e  ,          timestamp
0,49592000,0.0040,0,2023-11-13 22:34:18
1,49591000,0.0058,0,2023-11-13 22:34:18
2,49590000,0.0085,0,2023-11-13 22:34:18
3,49589000,0.0075,0,2023-11-13 22:34:18
4,49588000,0.0052,0,2023-11-13 22:34:18
0,49593000,0.2185,1,2023-11-13 22:34:18
1,49594000,0.0049,1,2023-11-13 22:34:18
2,49595000,0.0056,1,2023-11-13 22:34:18
3,49596000,0.0160,1,2023-11-13 22:34:18
4,49597000,0.0055,1,2023-11-13 22:34:18
   ,   price , quantity ,e  ,          timestamp
0,49588000,0.0218,0,2023-11-13 22:34:23
1,49587000,0.0052,0,2023-11-13 22:34:23
2,49586000,0.0056,0,2023-11-13 22:34:23
3,49585000,0.0052,0,2023-11-13 22:34:23
4,49584000,0.0060,0,2023-11-13 22:34:23
0,49589000,0.2473,1,2023-11-13 22:34:23
1,49590000,0.0060,1,2023-11-13 22:34:23
2,49591000,0.0245,1,2023-11-13 22:34:23
3,49592000,0.0147,1,2023-11-13 22:34:23
4,49593000,0.0608,1,2023-11-13 22:34:23
   ,   price , quantity ,e  ,          timestamp
0,49585000,0.0010,0,2023-11-13 22:34:28
1,49584000,0.0060,0,2023-11-13 22:34:28
2,49583000,0.0049,0,2023-11-13 22:34:28
3,49582000,0.0061,0,2023-11-13 22:34:28
4,49581000,0.0051,0,2023-11-13 22:34:28
0,49587000,0.2049,1,2023-11-13 22:34:28
1,49588000,0.2400,1,2023-11-13 22:34:28
2,49589000,0.0052,1,2023-11-13 22:34:28
3,49590000,0.0060,1,2023-11-13 22:34:28
4,49591000,0.0606,1,2023-11-13 22:34:28
   ,   price , quantity ,e  ,          timestamp
0,49574000,0.0006,0,2023-11-13 22:34:33
1,49573000,0.0569,0,2023-11-13 22:34:33
2,49572000,0.0056,0,2023-11-13 22:34:33
3,49571000,0.0056,0,2023-11-13 22:34:33
4,49570000,0.0421,0,2023-11-13 22:34:33
0,49576000,0.2117,1,2023-11-13 22:34:33
1,49583000,0.0044,1,2023-11-13 22:34:33
2,49584000,0.0608,1,2023-11-13 22:34:33
3,49585000,0.0895,1,2023-11-13 22:34:33
4,49586000,0.0050,1,2023-11-13 22:34:33
   ,   price , quantity ,e  ,          timestamp
0,49582000,0.0942,0,2023-11-13 22:34:38
1,49581000,0.0061,0,2023-11-13 22:34:38
2,49580000,0.0043,0,2023-11-13 22:34:38
3,49579000,0.0416,0,2023-11-13 22:34:38
4,49578000,0.0045,0,2023-11-13 22:34:38
0,49584000,0.0049,1,2023-11-13 22:34:38
1,49585000,0.0057,1,2023-11-13 22:34:38
2,49586000,0.0050,1,2023-11-13 22:34:38
3,49587000,1.4256,1,2023-11-13 22:34:38
4,49588000,0.0050,1,2023-11-13 22:34:38
   ,   price , quantity ,e  ,          timestamp
0,49585000,0.0059,0,2023-11-13 22:34:43
1,49584000,0.0046,0,2023-11-13 22:34:43
2,49583000,0.0060,0,2023-11-13 22:34:43
3,49582000,0.0549,0,2023-11-13 22:34:43
4,49581000,0.0061,0,2023-11-13 22:34:43
0,49587000,1.5469,1,2023-11-13 22:34:43
1,49588000,0.2148,1,2023-11-13 22:34:43
2,49589000,0.0090,1,2023-11-13 22:34:43
3,49590000,0.0060,1,2023-11-13 22:34:43
4,49591000,0.0483,1,2023-11-13 22:34:43
   ,   price , quantity ,e  ,          timestamp
0,49584000,0.0046,0,2023-11-13 22:34:48
1,49583000,0.2241,0,2023-11-13 22:34:48
2,49582000,0.0067,0,2023-11-13 22:34:48
3,49581000,0.0061,0,2023-11-13 22:34:48
4,49580000,0.0043,0,2023-11-13 22:34:48
0,49586000,1.6427,1,2023-11-13 22:34:48
1,49587000,0.2225,1,2023-11-13 22:34:48
2,49588000,0.0031,1,2023-11-13 22:34:48
3,49589000,0.0090,1,2023-11-13 22:34:48
4,49590000,0.0617,1,2023-11-13 22:34:48
   ,   price , quantity ,e  ,          timestamp
0,49584000,0.0046,0,2023-11-13 22:34:53
1,49583000,0.1031,0,2023-11-13 22:34:53
2,49582000,0.0067,0,2023-11-13 22:34:53
3,49581000,0.0061,0,2023-11-13 22:34:53
4,49580000,0.0043,0,2023-11-13 22:34:53
0,49585000,1.9160,1,2023-11-13 22:34:53
1,49586000,0.2227,1,2023-11-13 22:34:53
2,49587000,0.0057,1,2023-11-13 22:34:53
3,49588000,0.0031,1,2023-11-13 22:34:53
4,49589000,0.0090,1,2023-11-13 22:34:53
   ,   price , quantity ,e  ,          timestamp
0,49581000,0.0061,0,2023-11-13 22:34:58
1,49580000,0.0043,0,2023-11-13 22:34:58
2,49579000,0.0053,0,2023-11-13 22:34:58
3,49578000,0.0046,0,2023-11-13 22:34:58
4,49577000,0.0056,0,2023-11-13 22:34:58
0,49585000,1.8634,1,2023-11-13 22:34:58
1,49586000,0.2227,1,2023-11-13 22:34:58
2,49587000,0.0057,1,2023-11-13 22:34:58
3,49588000,0.0031,1,2023-11-13 22:34:58
4,49589000,0.0090,1,2023-11-13 22:34:58
   ,   price , quantity ,e  ,          timestamp
0,49581000,0.0061,0,2023-11-13 22:35:03
1,49580000,0.0043,0,2023-11-13 22:35:03
2,49579000,0.0053,0,2023-11-13 22:35:03
3,49578000,0.1043,0,2023-11-13 22:35:03
4,49577000,0.0056,0,2023-11-13 22:35:03
0,49583000,1.6071,1,2023-11-13 22:35:03
1,49584000,0.2100,1,2023-11-13 22:35:03
2,49585000,0.3108,1,2023-11-13 22:35:03
3,49586000,0.0059,1,2023-11-13 22:35:03
4,49587000,0.0057,1,2023-11-13 22:35:03
   ,   price , quantity ,e  ,          timestamp
0,49581000,0.4112,0,2023-11-13 22:35:08
1,49580000,0.0043,0,2023-11-13 22:35:08
2,49579000,0.0219,0,2023-11-13 22:35:08
3,49578000,0.0441,0,2023-11-13 22:35:08
4,49577000,0.0056,0,2023-11-13 22:35:08
0,49583000,0.0051,1,2023-11-13 22:35:08
1,49584000,0.0060,1,2023-11-13 22:35:08
2,49585000,0.3108,1,2023-11-13 22:35:08
3,49586000,0.0059,1,2023-11-13 22:35:08
4,49587000,0.0057,1,2023-11-13 22:35:08
   ,   price , quantity ,e  ,          timestamp
0,49583000,0.4225,0,2023-11-13 22:35:13
1,49582000,0.2172,0,2023-11-13 22:35:13
2,49581000,0.0436,0,2023-11-13 22:35:13
3,49580000,0.0045,0,2023-11-13 22:35:13
4,49579000,0.0219,0,2023-11-13 22:35:13
0,49585000,0.2950,1,2023-11-13 22:35:13
1,49586000,0.0059,1,2023-11-13 22:35:13
2,49587000,0.1066,1,2023-11-13 22:35:13
3,49588000,0.0031,1,2023-11-13 22:35:13
4,49589000,0.0090,1,2023-11-13 22:35:13
   ,   price , quantity ,e  ,          timestamp
0,49579000,0.1626,0,2023-11-13 22:35:18
1,49578000,0.0048,0,2023-11-13 22:35:18
2,49577000,0.0058,0,2023-11-13 22:35:18
3,49576000,0.0043,0,2023-11-13 22:35:18
4,49575000,0.0056,0,2023-11-13 22:35:18
0,49580000,0.1852,1,2023-11-13 22:35:18
1,49581000,0.1845,1,2023-11-13 22:35:18
2,49582000,0.0043,1,2023-11-13 22:35:18
3,49583000,0.0055,1,2023-11-13 22:35:18
4,49584000,0.0597,1,2023-11-13 22:35:18
   ,   price , quantity ,e  ,          timestamp
0,49579000,0.1667,0,2023-11-13 22:35:23
1,49578000,0.0048,0,2023-11-13 22:35:23
2,49577000,0.0058,0,2023-11-13 22:35:23
3,49576000,0.0043,0,2023-11-13 22:35:23
4,49575000,0.0056,0,2023-11-13 22:35:23
0,49580000,0.1698,1,2023-11-13 22:35:23
1,49581000,0.1845,1,2023-11-13 22:35:23
2,49582000,0.0043,1,2023-11-13 22:35:23
3,49583000,0.0055,1,2023-11-13 22:35:23
4,49584000,0.0042,1,2023-11-13 22:35:23
   ,   price , quantity ,e  ,          timestamp
0,49574000,0.0008,0,2023-11-13 22:35:28
1,49573000,0.0045,0,2023-11-13 22:35:28
2,49572000,0.0057,0,2023-11-13 22:35:28
3,49571000,0.0058,0,2023-11-13 22:35:28
4,49570000,0.0063,0,2023-11-13 22:35:28
0,49575000,0.0987,1,2023-11-13 22:35:28
1,49578000,0.0555,1,2023-11-13 22:35:28
2,49579000,0.1988,1,2023-11-13 22:35:28
3,49580000,1.6410,1,2023-11-13 22:35:28
4,49581000,0.0045,1,2023-11-13 22:35:28
   ,   price , quantity ,e  ,          timestamp
0,49566000,0.0048,0,2023-11-13 22:35:33
1,49565000,0.0049,0,2023-11-13 22:35:33
2,49564000,0.0061,0,2023-11-13 22:35:33
3,49563000,0.0053,0,2023-11-13 22:35:33
4,49562000,0.0055,0,2023-11-13 22:35:33
0,49567000,0.2433,1,2023-11-13 22:35:33
1,49570000,0.0929,1,2023-11-13 22:35:33
2,49571000,0.0060,1,2023-11-13 22:35:33
3,49573000,0.0053,1,2023-11-13 22:35:33
4,49574000,0.0044,1,2023-11-13 22:35:33
   ,   price , quantity ,e  ,          timestamp
0,49565000,0.0049,0,2023-11-13 22:35:38
1,49564000,0.0061,0,2023-11-13 22:35:38
2,49563000,0.0053,0,2023-11-13 22:35:38
3,49562000,0.0055,0,2023-11-13 22:35:38
4,49561000,0.0049,0,2023-11-13 22:35:38
0,49567000,1.5753,1,2023-11-13 22:35:38
1,49568000,0.0042,1,2023-11-13 22:35:38
2,49569000,0.0057,1,2023-11-13 22:35:38
3,49570000,0.0951,1,2023-11-13 22:35:38
4,49571000,0.0060,1,2023-11-13 22:35:38
   ,   price , quantity ,e  ,          timestamp
0,49562000,0.0055,0,2023-11-13 22:35:43
1,49561000,0.0049,0,2023-11-13 22:35:43
2,49560000,0.0045,0,2023-11-13 22:35:43
3,49559000,0.0058,0,2023-11-13 22:35:43
4,49558000,0.0057,0,2023-11-13 22:35:43
0,49563000,0.2766,1,2023-11-13 22:35:43
1,49564000,2.4000,1,2023-11-13 22:35:43
2,49565000,0.2025,1,2023-11-13 22:35:43
3,49566000,0.0047,1,2023-11-13 22:35:43
4,49567000,1.4246,1,2023-11-13 22:35:43
   ,   price , quantity ,e  ,          timestamp
0,49562000,0.0055,0,2023-11-13 22:35:48
1,49561000,0.0049,0,2023-11-13 22:35:48
2,49560000,0.0045,0,2023-11-13 22:35:48
3,49559000,0.0058,0,2023-11-13 22:35:48
4,49558000,0.0057,0,2023-11-13 22:35:48
0,49563000,0.8939,1,2023-11-13 22:35:48
1,49564000,2.4050,1,2023-11-13 22:35:48
2,49565000,1.2042,1,2023-11-13 22:35:48
3,49566000,0.0047,1,2023-11-13 22:35:48
4,49567000,0.0046,1,2023-11-13 22:35:48
   ,   price , quantity ,e  ,          timestamp
0,49556000,0.2164,0,2023-11-13 22:35:53
1,49555000,0.0053,0,2023-11-13 22:35:53
2,49554000,0.0049,0,2023-11-13 22:35:53
3,49553000,0.0056,0,2023-11-13 22:35:53
4,49552000,0.0042,0,2023-11-13 22:35:53
0,49559000,0.0042,1,2023-11-13 22:35:53
1,49560000,0.1320,1,2023-11-13 22:35:53
2,49561000,0.0041,1,2023-11-13 22:35:53
3,49562000,0.0047,1,2023-11-13 22:35:53
4,49563000,1.0994,1,2023-11-13 22:35:53
   ,   price , quantity ,e  ,          timestamp
0,49561000,0.0053,0,2023-11-13 22:35:58
1,49560000,0.0046,0,2023-11-13 22:35:58
2,49559000,0.0055,0,2023-11-13 22:35:58
3,49558000,0.0051,0,2023-11-13 22:35:58
4,49557000,0.0608,0,2023-11-13 22:35:58
0,49562000,0.0318,1,2023-11-13 22:35:58
1,49563000,0.9582,1,2023-11-13 22:35:58
2,49564000,0.0050,1,2023-11-13 22:35:58
3,49565000,0.0060,1,2023-11-13 22:35:58
4,49566000,0.0047,1,2023-11-13 22:35:58
   ,   price , quantity ,e  ,          timestamp
0,49560000,0.2163,0,2023-11-13 22:36:03
1,49559000,0.0055,0,2023-11-13 22:36:03
2,49558000,0.0046,0,2023-11-13 22:36:03
3,49557000,0.0041,0,2023-11-13 22:36:03
4,49556000,2.7215,0,2023-11-13 22:36:03
0,49562000,0.0109,1,2023-11-13 22:36:03
1,49563000,0.9476,1,2023-11-13 22:36:03
2,49564000,0.0050,1,2023-11-13 22:36:03
3,49565000,0.0060,1,2023-11-13 22:36:03
4,49566000,0.0047,1,2023-11-13 22:36:03
   ,   price , quantity ,e  ,          timestamp
0,49559000,0.0031,0,2023-11-13 22:36:08
1,49558000,0.0046,0,2023-11-13 22:36:08
2,49557000,0.0041,0,2023-11-13 22:36:08
3,49556000,2.7215,0,2023-11-13 22:36:08
4,49555000,0.0053,0,2023-11-13 22:36:08
0,49561000,0.0046,1,2023-11-13 22:36:08
1,49562000,0.0038,1,2023-11-13 22:36:08
2,49563000,0.9534,1,2023-11-13 22:36:08
3,49564000,0.0050,1,2023-11-13 22:36:08
4,49565000,0.0060,1,2023-11-13 22:36:08
   ,   price , quantity ,e  ,          timestamp
0,49557000,0.2117,0,2023-11-13 22:36:13
1,49556000,2.7215,0,2023-11-13 22:36:13
2,49555000,0.0053,0,2023-11-13 22:36:13
3,49554000,0.0049,0,2023-11-13 22:36:13
4,49553000,0.0056,0,2023-11-13 22:36:13
0,49559000,0.0037,1,2023-11-13 22:36:13
1,49560000,0.0055,1,2023-11-13 22:36:13
2,49561000,0.0053,1,2023-11-13 22:36:13
3,49563000,0.0619,1,2023-11-13 22:36:13
4,49564000,0.7769,1,2023-11-13 22:36:13
   ,   price , quantity ,e  ,          timestamp
0,49558000,0.0055,0,2023-11-13 22:36:18
1,49557000,0.0056,0,2023-11-13 22:36:18
2,49556000,2.7215,0,2023-11-13 22:36:18
3,49555000,0.0053,0,2023-11-13 22:36:18
4,49554000,0.0049,0,2023-11-13 22:36:18
0,49560000,0.0034,1,2023-11-13 22:36:18
1,49561000,0.0053,1,2023-11-13 22:36:18
2,49562000,0.0051,1,2023-11-13 22:36:18
3,49563000,0.0618,1,2023-11-13 22:36:18
4,49564000,0.7769,1,2023-11-13 22:36:18
   ,   price , quantity ,e  ,          timestamp
0,49556000,1.8219,0,2023-11-13 22:36:23
1,49555000,0.0053,0,2023-11-13 22:36:23
2,49554000,0.0049,0,2023-11-13 22:36:23
3,49553000,0.0056,0,2023-11-13 22:36:23
4,49552000,0.0042,0,2023-11-13 22:36:23
0,49557000,2.4921,1,2023-11-13 22:36:23
1,49558000,0.3625,1,2023-11-13 22:36:23
2,49559000,0.0909,1,2023-11-13 22:36:23
3,49560000,0.0024,1,2023-11-13 22:36:23
4,49561000,0.0053,1,2023-11-13 22:36:23
   ,   price , quantity ,e  ,          timestamp
0,49556000,0.6384,0,2023-11-13 22:36:28
1,49555000,0.0053,0,2023-11-13 22:36:28
2,49554000,0.0049,0,2023-11-13 22:36:28
3,49553000,0.0056,0,2023-11-13 22:36:28
4,49552000,0.0042,0,2023-11-13 22:36:28
0,49557000,0.0545,1,2023-11-13 22:36:28
1,49558000,0.1408,1,2023-11-13 22:36:28
2,49559000,0.0055,1,2023-11-13 22:36:28
3,49560000,0.0062,1,2023-11-13 22:36:28
4,49561000,0.0634,1,2023-11-13 22:36:28
   ,   price , quantity ,e  ,          timestamp
0,49556000,0.6226,0,2023-11-13 22:36:33
1,49555000,0.0053,0,2023-11-13 22:36:33
2,49554000,0.0049,0,2023-11-13 22:36:33
3,49553000,0.0056,0,2023-11-13 22:36:33
4,49552000,0.0042,0,2023-11-13 22:36:33
0,49557000,0.0500,1,2023-11-13 22:36:33
1,49558000,0.1408,1,2023-11-13 22:36:33
2,49559000,0.0643,1,2023-11-13 22:36:33
3,49560000,0.0062,1,2023-11-13 22:36:33
4,49561000,0.0053,1,2023-11-13 22:36:33
   ,   price , quantity ,e  ,          timestamp
0,49549000,0.0042,0,2023-11-13 22:36:38
1,49548000,0.0292,0,2023-11-13 22:36:38
2,49547000,0.0047,0,2023-11-13 22:36:38
3,49546000,0.0056,0,2023-11-13 22:36:38
4,49545000,0.0010,0,2023-11-13 22:36:38
0,49550000,0.0209,1,2023-11-13 22:36:38
1,49556000,0.3842,1,2023-11-13 22:36:38
2,49557000,0.0031,1,2023-11-13 22:36:38
3,49558000,0.0056,1,2023-11-13 22:36:38
4,49559000,0.0055,1,2023-11-13 22:36:38
   ,   price , quantity ,e  ,          timestamp
0,49543000,0.2169,0,2023-11-13 22:36:43
1,49542000,0.0048,0,2023-11-13 22:36:43
2,49541000,0.0072,0,2023-11-13 22:36:43
3,49540000,0.0522,0,2023-11-13 22:36:43
4,49539000,0.1353,0,2023-11-13 22:36:43
0,49545000,0.0112,1,2023-11-13 22:36:43
1,49548000,0.0068,1,2023-11-13 22:36:43
2,49549000,0.0160,1,2023-11-13 22:36:43
3,49550000,0.0541,1,2023-11-13 22:36:43
4,49551000,0.0636,1,2023-11-13 22:36:43
   ,   price , quantity ,e  ,          timestamp
0,49543000,0.1496,0,2023-11-13 22:36:48
1,49542000,0.0048,0,2023-11-13 22:36:48
2,49541000,0.0072,0,2023-11-13 22:36:48
3,49540000,0.1366,0,2023-11-13 22:36:48
4,49539000,0.1100,0,2023-11-13 22:36:48
0,49544000,0.0262,1,2023-11-13 22:36:48
1,49549000,0.0160,1,2023-11-13 22:36:48
2,49550000,0.0541,1,2023-11-13 22:36:48
3,49551000,0.0661,1,2023-11-13 22:36:48
4,49552000,0.0059,1,2023-11-13 22:36:48
   ,   price , quantity ,e  ,          timestamp
0,49544000,0.0004,0,2023-11-13 22:36:53
1,49543000,0.0047,0,2023-11-13 22:36:53
2,49542000,0.0048,0,2023-11-13 22:36:53
3,49541000,0.0072,0,2023-11-13 22:36:53
4,49540000,0.1127,0,2023-11-13 22:36:53
0,49546000,0.0057,1,2023-11-13 22:36:53
1,49547000,0.1101,1,2023-11-13 22:36:53
2,49548000,0.0701,1,2023-11-13 22:36:53
3,49549000,0.0049,1,2023-11-13 22:36:53
4,49550000,0.0041,1,2023-11-13 22:36:53
   ,   price , quantity ,e  ,          timestamp
0,49540000,0.0411,0,2023-11-13 22:36:58
1,49539000,0.1152,0,2023-11-13 22:36:58
2,49538000,0.0092,0,2023-11-13 22:36:58
3,49537000,0.0060,0,2023-11-13 22:36:58
4,49536000,0.1061,0,2023-11-13 22:36:58
0,49542000,0.0047,1,2023-11-13 22:36:58
1,49543000,0.0045,1,2023-11-13 22:36:58
2,49544000,0.0047,1,2023-11-13 22:36:58
3,49545000,0.0045,1,2023-11-13 22:36:58
4,49546000,0.1097,1,2023-11-13 22:36:58
   ,   price , quantity ,e  ,          timestamp
0,49538000,0.0005,0,2023-11-13 22:37:03
1,49537000,0.0060,0,2023-11-13 22:37:03
2,49536000,0.1061,0,2023-11-13 22:37:03
3,49535000,0.0052,0,2023-11-13 22:37:03
4,49534000,0.0054,0,2023-11-13 22:37:03
0,49539000,0.0467,1,2023-11-13 22:37:03
1,49540000,0.0057,1,2023-11-13 22:37:03
2,49541000,0.0596,1,2023-11-13 22:37:03
3,49542000,0.0085,1,2023-11-13 22:37:03
4,49543000,0.0057,1,2023-11-13 22:37:03
   ,   price , quantity ,e  ,          timestamp
0,49551000,0.0050,0,2023-11-13 22:37:08
1,49550000,0.7155,0,2023-11-13 22:37:08
2,49548000,0.1625,0,2023-11-13 22:37:08
3,49546000,0.0883,0,2023-11-13 22:37:08
4,49545000,0.1109,0,2023-11-13 22:37:08
0,49552000,0.0866,1,2023-11-13 22:37:08
1,49553000,0.0041,1,2023-11-13 22:37:08
2,49554000,0.0054,1,2023-11-13 22:37:08
3,49555000,0.0045,1,2023-11-13 22:37:08
4,49556000,0.0052,1,2023-11-13 22:37:08
   ,   price , quantity ,e  ,          timestamp
0,49561000,0.0516,0,2023-11-13 22:37:13
1,49560000,0.0117,0,2023-11-13 22:37:13
2,49558000,0.3915,0,2023-11-13 22:37:13
3,49557000,0.2696,0,2023-11-13 22:37:13
4,49556000,0.0045,0,2023-11-13 22:37:13
0,49562000,0.0051,1,2023-11-13 22:37:13
1,49563000,0.0050,1,2023-11-13 22:37:13
2,49564000,0.0050,1,2023-11-13 22:37:13
3,49565000,0.0060,1,2023-11-13 22:37:13
4,49566000,0.0047,1,2023-11-13 22:37:13
   ,   price , quantity ,e  ,          timestamp
0,49563000,0.1643,0,2023-11-13 22:37:18
1,49562000,0.0049,0,2023-11-13 22:37:18
2,49561000,0.0041,0,2023-11-13 22:37:18
3,49560000,0.0053,0,2023-11-13 22:37:18
4,49559000,0.0044,0,2023-11-13 22:37:18
0,49565000,0.1171,1,2023-11-13 22:37:18
1,49566000,0.0047,1,2023-11-13 22:37:18
2,49567000,0.0046,1,2023-11-13 22:37:18
3,49568000,0.0042,1,2023-11-13 22:37:18
4,49569000,0.0057,1,2023-11-13 22:37:18
   ,   price , quantity ,e  ,          timestamp
0,49547000,0.0049,0,2023-11-13 22:37:23
1,49546000,0.0061,0,2023-11-13 22:37:23
2,49545000,0.0047,0,2023-11-13 22:37:23
3,49544000,0.0051,0,2023-11-13 22:37:23
4,49543000,0.0057,0,2023-11-13 22:37:23
0,49549000,0.0047,1,2023-11-13 22:37:23
1,49550000,0.2169,1,2023-11-13 22:37:23
2,49551000,0.0063,1,2023-11-13 22:37:23
3,49552000,0.0630,1,2023-11-13 22:37:23
4,49553000,0.0767,1,2023-11-13 22:37:23
   ,   price , quantity ,e  ,          timestamp
0,49552000,0.0042,0,2023-11-13 22:37:28
1,49551000,0.2266,0,2023-11-13 22:37:28
2,49550000,0.0060,0,2023-11-13 22:37:28
3,49549000,0.0098,0,2023-11-13 22:37:28
4,49548000,0.0469,0,2023-11-13 22:37:28
0,49554000,0.0045,1,2023-11-13 22:37:28
1,49555000,0.0057,1,2023-11-13 22:37:28
2,49556000,0.0047,1,2023-11-13 22:37:28
3,49557000,0.0047,1,2023-11-13 22:37:28
4,49558000,0.0045,1,2023-11-13 22:37:28
   ,   price , quantity ,e  ,          timestamp
0,49556000,0.0055,0,2023-11-13 22:37:33
1,49555000,0.0051,0,2023-11-13 22:37:33
2,49554000,0.0041,0,2023-11-13 22:37:33
3,49553000,0.0050,0,2023-11-13 22:37:33
4,49552000,0.0042,0,2023-11-13 22:37:33
0,49558000,0.0829,1,2023-11-13 22:37:33
1,49559000,0.1177,1,2023-11-13 22:37:33
2,49560000,0.0049,1,2023-11-13 22:37:33
3,49561000,0.0055,1,2023-11-13 22:37:33
4,49562000,0.0041,1,2023-11-13 22:37:33
   ,   price , quantity ,e  ,          timestamp
0,49558000,0.1165,0,2023-11-13 22:37:37
1,49557000,0.0055,0,2023-11-13 22:37:37
2,49556000,0.0055,0,2023-11-13 22:37:37
3,49555000,0.0051,0,2023-11-13 22:37:37
4,49554000,0.0041,0,2023-11-13 22:37:37
0,49559000,0.0059,1,2023-11-13 22:37:37
1,49560000,0.0049,1,2023-11-13 22:37:37
2,49561000,0.0055,1,2023-11-13 22:37:37
3,49562000,0.0541,1,2023-11-13 22:37:37
4,49563000,0.0051,1,2023-11-13 22:37:37
   ,   price , quantity ,e  ,          timestamp
0,49562000,0.0055,0,2023-11-13 22:37:42
1,49561000,0.0055,0,2023-11-13 22:37:42
2,49560000,0.0051,0,2023-11-13 22:37:42
3,49558000,0.0050,0,2023-11-13 22:37:42
4,49557000,0.0055,0,2023-11-13 22:37:42
0,49563000,0.0051,1,2023-11-13 22:37:42
1,49564000,0.0158,1,2023-11-13 22:37:42
2,49565000,0.0060,1,2023-11-13 22:37:42
3,49566000,0.0049,1,2023-11-13 22:37:42
4,49567000,0.0047,1,2023-11-13 22:37:42
   ,   price , quantity ,e  ,          timestamp
0,49567000,0.0076,0,2023-11-13 22:37:47
1,49566000,0.0754,0,2023-11-13 22:37:47
2,49565000,0.0159,0,2023-11-13 22:37:47
3,49564000,0.0053,0,2023-11-13 22:37:47
4,49563000,0.3284,0,2023-11-13 22:37:47
0,49568000,0.0042,1,2023-11-13 22:37:47
1,49569000,0.0059,1,2023-11-13 22:37:47
2,49570000,0.0555,1,2023-11-13 22:37:47
3,49571000,0.0060,1,2023-11-13 22:37:47
4,49572000,0.0171,1,2023-11-13 22:37:47
   ,   price , quantity ,e  ,          timestamp
0,49563000,0.0049,0,2023-11-13 22:37:52
1,49562000,0.0051,0,2023-11-13 22:37:52
2,49561000,0.0051,0,2023-11-13 22:37:52
3,49560000,0.0046,0,2023-11-13 22:37:52
4,49559000,0.0893,0,2023-11-13 22:37:52
0,49565000,0.0104,1,2023-11-13 22:37:52
1,49566000,0.1236,1,2023-11-13 22:37:52
2,49567000,0.0500,1,2023-11-13 22:37:52
3,49568000,0.0042,1,2023-11-13 22:37:52
4,49569000,0.0059,1,2023-11-13 22:37:52
   ,   price , quantity ,e  ,          timestamp
0,49567000,0.0053,0,2023-11-13 22:37:57
1,49566000,0.2165,0,2023-11-13 22:37:57
2,49565000,0.3947,0,2023-11-13 22:37:57
3,49564000,0.0349,0,2023-11-13 22:37:57
4,49563000,0.0049,0,2023-11-13 22:37:57
0,49569000,0.0059,1,2023-11-13 22:37:57
1,49570000,0.0055,1,2023-11-13 22:37:57
2,49571000,0.0560,1,2023-11-13 22:37:57
3,49572000,0.0171,1,2023-11-13 22:37:57
4,49573000,0.0055,1,2023-11-13 22:37:57
   ,   price , quantity ,e  ,          timestamp
0,49568000,0.2038,0,2023-11-13 22:38:02
1,49567000,0.2051,0,2023-11-13 22:38:02
2,49566000,0.0354,0,2023-11-13 22:38:02
3,49565000,0.1830,0,2023-11-13 22:38:02
4,49564000,0.0932,0,2023-11-13 22:38:02
0,49570000,0.0054,1,2023-11-13 22:38:02
1,49571000,0.0560,1,2023-11-13 22:38:02
2,49572000,0.0062,1,2023-11-13 22:38:02
3,49573000,0.0055,1,2023-11-13 22:38:02
4,49574000,0.0044,1,2023-11-13 22:38:02
   ,   price , quantity ,e  ,          timestamp
0,49567000,0.1974,0,2023-11-13 22:38:07
1,49566000,0.0356,0,2023-11-13 22:38:07
2,49565000,0.1830,0,2023-11-13 22:38:07
3,49564000,0.0043,0,2023-11-13 22:38:07
4,49563000,0.0898,0,2023-11-13 22:38:07
0,49568000,0.0053,1,2023-11-13 22:38:07
1,49569000,0.0055,1,2023-11-13 22:38:07
2,49570000,0.0054,1,2023-11-13 22:38:07
3,49571000,0.0560,1,2023-11-13 22:38:07
4,49572000,0.0062,1,2023-11-13 22:38:07
   ,   price , quantity ,e  ,          timestamp
0,49560000,0.0657,0,2023-11-13 22:38:12
1,49558000,0.1179,0,2023-11-13 22:38:12
2,49557000,0.0007,0,2023-11-13 22:38:12
3,49556000,0.0055,0,2023-11-13 22:38:12
4,49555000,0.0051,0,2023-11-13 22:38:12
0,49561000,0.0046,1,2023-11-13 22:38:12
1,49562000,0.0101,1,2023-11-13 22:38:12
2,49563000,0.0407,1,2023-11-13 22:38:12
3,49564000,0.0049,1,2023-11-13 22:38:12
4,49565000,0.0082,1,2023-11-13 22:38:12
   ,   price , quantity ,e  ,          timestamp
0,49562000,0.0045,0,2023-11-13 22:38:17
1,49561000,0.0043,0,2023-11-13 22:38:17
2,49560000,0.0052,0,2023-11-13 22:38:17
3,49557000,0.0311,0,2023-11-13 22:38:17
4,49556000,0.0055,0,2023-11-13 22:38:17
0,49563000,0.0024,1,2023-11-13 22:38:17
1,49565000,0.2211,1,2023-11-13 22:38:17
2,49566000,0.0542,1,2023-11-13 22:38:17
3,49567000,0.0047,1,2023-11-13 22:38:17
4,49568000,0.0044,1,2023-11-13 22:38:17
   ,   price , quantity ,e  ,          timestamp
0,49552000,0.0284,0,2023-11-13 22:38:22
1,49551000,0.0051,0,2023-11-13 22:38:22
2,49550000,0.0060,0,2023-11-13 22:38:22
3,49549000,0.0051,0,2023-11-13 22:38:22
4,49548000,0.0051,0,2023-11-13 22:38:22
0,49553000,0.0043,1,2023-11-13 22:38:22
1,49554000,0.0050,1,2023-11-13 22:38:22
2,49555000,0.0041,1,2023-11-13 22:38:22
3,49556000,0.0051,1,2023-11-13 22:38:22
4,49557000,0.0555,1,2023-11-13 22:38:22
   ,   price , quantity ,e  ,          timestamp
0,49552000,0.0078,0,2023-11-13 22:38:27
1,49551000,0.0051,0,2023-11-13 22:38:27
2,49550000,0.0060,0,2023-11-13 22:38:27
3,49549000,0.0051,0,2023-11-13 22:38:27
4,49548000,0.0051,0,2023-11-13 22:38:27
0,49554000,0.0005,1,2023-11-13 22:38:27
1,49555000,0.0041,1,2023-11-13 22:38:27
2,49556000,0.0051,1,2023-11-13 22:38:27
3,49557000,0.0555,1,2023-11-13 22:38:27
4,49558000,0.0074,1,2023-11-13 22:38:27
   ,   price , quantity ,e  ,          timestamp
0,49553000,0.0001,0,2023-11-13 22:38:32
1,49552000,0.0078,0,2023-11-13 22:38:32
2,49551000,0.0051,0,2023-11-13 22:38:32
3,49550000,0.0060,0,2023-11-13 22:38:32
4,49549000,0.0051,0,2023-11-13 22:38:32
0,49554000,0.0505,1,2023-11-13 22:38:32
1,49555000,0.0041,1,2023-11-13 22:38:32
2,49556000,0.0051,1,2023-11-13 22:38:32
3,49557000,0.0055,1,2023-11-13 22:38:32
4,49558000,0.0074,1,2023-11-13 22:38:32
   ,   price , quantity ,e  ,          timestamp
0,49554000,0.0041,0,2023-11-13 22:38:37
1,49553000,0.0080,0,2023-11-13 22:38:37
2,49552000,0.0078,0,2023-11-13 22:38:37
3,49551000,0.0052,0,2023-11-13 22:38:37
4,49550000,0.0061,0,2023-11-13 22:38:37
0,49557000,0.0056,1,2023-11-13 22:38:37
1,49558000,0.0075,1,2023-11-13 22:38:37
2,49561000,0.0053,1,2023-11-13 22:38:37
3,49562000,0.0043,1,2023-11-13 22:38:37
4,49563000,0.0589,1,2023-11-13 22:38:37
   ,   price , quantity ,e  ,          timestamp
0,49549000,0.0059,0,2023-11-13 22:38:42
1,49548000,0.0052,0,2023-11-13 22:38:42
2,49547000,0.0852,0,2023-11-13 22:38:42
3,49546000,0.0266,0,2023-11-13 22:38:42
4,49545000,0.0043,0,2023-11-13 22:38:42
0,49551000,0.0060,1,2023-11-13 22:38:42
1,49552000,0.0051,1,2023-11-13 22:38:42
2,49553000,0.0041,1,2023-11-13 22:38:42
3,49554000,0.0542,1,2023-11-13 22:38:42
4,49555000,0.0041,1,2023-11-13 22:38:42
   ,   price , quantity ,e  ,          timestamp
0,49553000,0.0056,0,2023-11-13 22:38:47
1,49552000,0.0051,0,2023-11-13 22:38:47
2,49551000,0.0044,0,2023-11-13 22:38:47
3,49550000,0.0057,0,2023-11-13 22:38:47
4,49549000,0.0059,0,2023-11-13 22:38:47
0,49555000,0.0041,1,2023-11-13 22:38:47
1,49556000,0.0044,1,2023-11-13 22:38:47
2,49557000,0.0556,1,2023-11-13 22:38:47
3,49558000,0.0075,1,2023-11-13 22:38:47
4,49560000,0.0001,1,2023-11-13 22:38:47
   ,   price , quantity ,e  ,          timestamp
0,49549000,0.0009,0,2023-11-13 22:38:52
1,49548000,0.0052,0,2023-11-13 22:38:52
2,49547000,0.0046,0,2023-11-13 22:38:52
3,49546000,0.0052,0,2023-11-13 22:38:52
4,49545000,0.0043,0,2023-11-13 22:38:52
0,49553000,0.0186,1,2023-11-13 22:38:52
1,49554000,0.0056,1,2023-11-13 22:38:52
2,49555000,0.0045,1,2023-11-13 22:38:52
3,49556000,0.0044,1,2023-11-13 22:38:52
4,49557000,0.0056,1,2023-11-13 22:38:52
   ,   price , quantity ,e  ,          timestamp
0,49551000,0.0059,0,2023-11-13 22:38:57
1,49550000,0.0045,0,2023-11-13 22:38:57
2,49549000,0.0009,0,2023-11-13 22:38:57
3,49548000,0.0052,0,2023-11-13 22:38:57
4,49547000,0.0046,0,2023-11-13 22:38:57
0,49553000,0.0053,1,2023-11-13 22:38:57
1,49554000,0.0553,1,2023-11-13 22:38:57
2,49555000,0.0045,1,2023-11-13 22:38:57
3,49556000,0.0044,1,2023-11-13 22:38:57
4,49557000,0.0056,1,2023-11-13 22:38:57
   ,   price , quantity ,e  ,          timestamp
0,49546000,0.0052,0,2023-11-13 22:39:02
1,49545000,0.0043,0,2023-11-13 22:39:02
2,49544000,0.0053,0,2023-11-13 22:39:02
3,49543000,0.0593,0,2023-11-13 22:39:02
4,49542000,0.0046,0,2023-11-13 22:39:02
0,49549000,0.0293,1,2023-11-13 22:39:02
1,49551000,0.0084,1,2023-11-13 22:39:02
2,49552000,0.0059,1,2023-11-13 22:39:02
3,49553000,0.0549,1,2023-11-13 22:39:02
4,49554000,0.0592,1,2023-11-13 22:39:02
   ,   price , quantity ,e  ,          timestamp
0,49545000,0.0002,0,2023-11-13 22:39:07
1,49544000,0.0053,0,2023-11-13 22:39:07
2,49543000,0.0061,0,2023-11-13 22:39:07
3,49542000,0.0046,0,2023-11-13 22:39:07
4,49541000,0.0045,0,2023-11-13 22:39:07
0,49547000,0.0052,1,2023-11-13 22:39:07
1,49548000,0.0046,1,2023-11-13 22:39:07
2,49549000,0.0161,1,2023-11-13 22:39:07
3,49550000,0.0059,1,2023-11-13 22:39:07
4,49551000,0.0584,1,2023-11-13 22:39:07
   ,   price , quantity ,e  ,          timestamp
0,49554000,0.0042,0,2023-11-13 22:39:12
1,49553000,0.0048,0,2023-11-13 22:39:12
2,49552000,0.0041,0,2023-11-13 22:39:12
3,49551000,0.0046,0,2023-11-13 22:39:12
4,49550000,0.0057,0,2023-11-13 22:39:12
0,49555000,0.0551,1,2023-11-13 22:39:12
1,49556000,0.0534,1,2023-11-13 22:39:12
2,49557000,0.0056,1,2023-11-13 22:39:12
3,49558000,0.0056,1,2023-11-13 22:39:12
4,49560000,0.0045,1,2023-11-13 22:39:12
   ,   price , quantity ,e  ,          timestamp
0,49555000,0.2169,0,2023-11-13 22:39:17
1,49554000,0.0460,0,2023-11-13 22:39:17
2,49553000,0.0045,0,2023-11-13 22:39:17
3,49552000,0.0017,0,2023-11-13 22:39:17
4,49551000,0.0046,0,2023-11-13 22:39:17
0,49558000,0.0056,1,2023-11-13 22:39:17
1,49559000,0.0545,1,2023-11-13 22:39:17
2,49560000,0.0545,1,2023-11-13 22:39:17
3,49561000,0.0054,1,2023-11-13 22:39:17
4,49562000,0.0043,1,2023-11-13 22:39:17
   ,   price , quantity ,e  ,          timestamp
0,49554000,0.0885,0,2023-11-13 22:39:22
1,49553000,0.0045,0,2023-11-13 22:39:22
2,49552000,0.0017,0,2023-11-13 22:39:22
3,49551000,0.0046,0,2023-11-13 22:39:22
4,49550000,0.0057,0,2023-11-13 22:39:22
0,49555000,0.3605,1,2023-11-13 22:39:22
1,49556000,0.0057,1,2023-11-13 22:39:22
2,49557000,0.0060,1,2023-11-13 22:39:22
3,49558000,0.0059,1,2023-11-13 22:39:22
4,49560000,0.0045,1,2023-11-13 22:39:22
   ,   price , quantity ,e  ,          timestamp
0,49555000,0.0054,0,2023-11-13 22:39:27
1,49553000,0.0041,0,2023-11-13 22:39:27
2,49552000,0.0017,0,2023-11-13 22:39:27
3,49551000,0.0046,0,2023-11-13 22:39:27
4,49550000,0.0317,0,2023-11-13 22:39:27
0,49557000,0.2208,1,2023-11-13 22:39:27
1,49558000,0.0059,1,2023-11-13 22:39:27
2,49559000,0.0110,1,2023-11-13 22:39:27
3,49560000,0.0047,1,2023-11-13 22:39:27
4,49561000,0.0054,1,2023-11-13 22:39:27
   ,   price , quantity ,e  ,          timestamp
0,49556000,0.1951,0,2023-11-13 22:39:32
1,49555000,0.1393,0,2023-11-13 22:39:32
2,49553000,0.0041,0,2023-11-13 22:39:32
3,49552000,0.0276,0,2023-11-13 22:39:32
4,49551000,0.0902,0,2023-11-13 22:39:32
0,49558000,0.0059,1,2023-11-13 22:39:32
1,49559000,0.0002,1,2023-11-13 22:39:32
2,49560000,0.0047,1,2023-11-13 22:39:32
3,49561000,0.0601,1,2023-11-13 22:39:32
4,49562000,0.0045,1,2023-11-13 22:39:32
   ,   price , quantity ,e  ,          timestamp
0,49560000,0.0055,0,2023-11-13 22:39:37
1,49559000,0.0058,0,2023-11-13 22:39:37
2,49557000,0.0052,0,2023-11-13 22:39:37
3,49556000,0.0044,0,2023-11-13 22:39:37
4,49555000,0.0054,0,2023-11-13 22:39:37
0,49561000,0.0168,1,2023-11-13 22:39:37
1,49562000,0.0045,1,2023-11-13 22:39:37
2,49563000,0.0048,1,2023-11-13 22:39:37
3,49564000,0.0664,1,2023-11-13 22:39:37
4,49565000,0.1221,1,2023-11-13 22:39:37
   ,   price , quantity ,e  ,          timestamp
0,49561000,0.0051,0,2023-11-13 22:39:42
1,49560000,0.0105,0,2023-11-13 22:39:42
2,49559000,0.0053,0,2023-11-13 22:39:42
3,49557000,0.0052,0,2023-11-13 22:39:42
4,49556000,0.0044,0,2023-11-13 22:39:42
0,49562000,0.0060,1,2023-11-13 22:39:42
1,49564000,0.0609,1,2023-11-13 22:39:42
2,49565000,0.1221,1,2023-11-13 22:39:42
3,49566000,0.0045,1,2023-11-13 22:39:42
4,49567000,0.0524,1,2023-11-13 22:39:42
   ,   price , quantity ,e  ,          timestamp
0,49559000,0.0046,0,2023-11-13 22:39:47
1,49557000,0.0052,0,2023-11-13 22:39:47
2,49556000,0.0044,0,2023-11-13 22:39:47
3,49555000,0.0054,0,2023-11-13 22:39:47
4,49553000,0.0041,0,2023-11-13 22:39:47
0,49561000,0.2148,1,2023-11-13 22:39:47
1,49562000,0.1106,1,2023-11-13 22:39:47
2,49563000,0.0492,1,2023-11-13 22:39:47
3,49564000,2.7280,1,2023-11-13 22:39:47
4,49565000,0.1221,1,2023-11-13 22:39:47
   ,   price , quantity ,e  ,          timestamp
0,49556000,0.0004,0,2023-11-13 22:39:52
1,49555000,0.0054,0,2023-11-13 22:39:52
2,49553000,0.0041,0,2023-11-13 22:39:52
3,49552000,0.0017,0,2023-11-13 22:39:52
4,49551000,0.0902,0,2023-11-13 22:39:52
0,49558000,0.0102,1,2023-11-13 22:39:52
1,49560000,0.0046,1,2023-11-13 22:39:52
2,49561000,0.0547,1,2023-11-13 22:39:52
3,49562000,0.0606,1,2023-11-13 22:39:52
4,49563000,0.0544,1,2023-11-13 22:39:52
   ,   price , quantity ,e  ,          timestamp
0,49559000,0.0007,0,2023-11-13 22:39:57
1,49556000,0.0004,0,2023-11-13 22:39:57
2,49555000,0.0054,0,2023-11-13 22:39:57
3,49553000,0.0041,0,2023-11-13 22:39:57
4,49552000,0.0017,0,2023-11-13 22:39:57
0,49560000,0.0051,1,2023-11-13 22:39:57
1,49561000,0.0598,1,2023-11-13 22:39:57
2,49562000,0.0060,1,2023-11-13 22:39:57
3,49563000,0.0593,1,2023-11-13 22:39:57
4,49564000,2.7280,1,2023-11-13 22:39:57
   ,   price , quantity ,e  ,          timestamp
0,49556000,0.0004,0,2023-11-13 22:40:02
1,49555000,0.0054,0,2023-11-13 22:40:02
2,49553000,0.0041,0,2023-11-13 22:40:02
3,49552000,0.0017,0,2023-11-13 22:40:02
4,49551000,0.2312,0,2023-11-13 22:40:02
0,49558000,0.0094,1,2023-11-13 22:40:02
1,49560000,0.0057,1,2023-11-13 22:40:02
2,49561000,0.0583,1,2023-11-13 22:40:02
3,49562000,0.0560,1,2023-11-13 22:40:02
4,49563000,0.0052,1,2023-11-13 22:40:02
   ,   price , quantity ,e  ,          timestamp
0,49551000,0.1260,0,2023-11-13 22:40:07
1,49550000,0.0057,0,2023-11-13 22:40:07
2,49549000,0.0061,0,2023-11-13 22:40:07
3,49548000,0.0043,0,2023-11-13 22:40:07
4,49547000,0.0051,0,2023-11-13 22:40:07
0,49553000,0.0041,1,2023-11-13 22:40:07
1,49554000,0.0030,1,2023-11-13 22:40:07
2,49556000,0.0054,1,2023-11-13 22:40:07
3,49557000,0.0584,1,2023-11-13 22:40:07
4,49558000,0.0500,1,2023-11-13 22:40:07
   ,   price , quantity ,e  ,          timestamp
0,49556000,0.0051,0,2023-11-13 22:40:12
1,49555000,0.2076,0,2023-11-13 22:40:12
2,49553000,0.0050,0,2023-11-13 22:40:12
3,49552000,0.0588,0,2023-11-13 22:40:12
4,49551000,0.2095,0,2023-11-13 22:40:12
0,49559000,0.0500,1,2023-11-13 22:40:12
1,49560000,0.0057,1,2023-11-13 22:40:12
2,49561000,0.0043,1,2023-11-13 22:40:12
3,49562000,0.0060,1,2023-11-13 22:40:12
4,49563000,0.0052,1,2023-11-13 22:40:12
   ,   price , quantity ,e  ,          timestamp
0,49559000,0.0060,0,2023-11-13 22:40:17
1,49556000,0.0041,0,2023-11-13 22:40:17
2,49555000,0.0052,0,2023-11-13 22:40:17
3,49553000,0.0050,0,2023-11-13 22:40:17
4,49552000,0.0396,0,2023-11-13 22:40:17
0,49561000,0.0453,1,2023-11-13 22:40:17
1,49562000,0.0060,1,2023-11-13 22:40:17
2,49563000,0.0052,1,2023-11-13 22:40:17
3,49564000,2.7171,1,2023-11-13 22:40:17
4,49565000,0.1221,1,2023-11-13 22:40:17
   ,   price , quantity ,e  ,          timestamp
0,49556000,0.0046,0,2023-11-13 22:40:22
1,49555000,0.0049,0,2023-11-13 22:40:22
2,49553000,0.0050,0,2023-11-13 22:40:22
3,49552000,0.0053,0,2023-11-13 22:40:22
4,49551000,0.2095,0,2023-11-13 22:40:22
0,49560000,0.0551,1,2023-11-13 22:40:22
1,49561000,0.0535,1,2023-11-13 22:40:22
2,49562000,0.0060,1,2023-11-13 22:40:22
3,49563000,0.0052,1,2023-11-13 22:40:22
4,49564000,2.7171,1,2023-11-13 22:40:22
   ,   price , quantity ,e  ,          timestamp
0,49552000,0.0053,0,2023-11-13 22:40:27
1,49551000,0.1232,0,2023-11-13 22:40:27
2,49550000,0.0057,0,2023-11-13 22:40:27
3,49549000,0.0061,0,2023-11-13 22:40:27
4,49548000,0.0043,0,2023-11-13 22:40:27
0,49556000,0.0614,1,2023-11-13 22:40:27
1,49557000,0.0546,1,2023-11-13 22:40:27
2,49560000,0.0047,1,2023-11-13 22:40:27
3,49561000,0.0006,1,2023-11-13 22:40:27
4,49562000,0.0060,1,2023-11-13 22:40:27
   ,   price , quantity ,e  ,          timestamp
0,49556000,0.0051,0,2023-11-13 22:40:32
1,49553000,0.0060,0,2023-11-13 22:40:32
2,49552000,0.0552,0,2023-11-13 22:40:32
3,49551000,0.1232,0,2023-11-13 22:40:32
4,49550000,0.0057,0,2023-11-13 22:40:32
0,49557000,0.0526,1,2023-11-13 22:40:32
1,49559000,0.0529,1,2023-11-13 22:40:32
2,49560000,0.0047,1,2023-11-13 22:40:32
3,49561000,0.0006,1,2023-11-13 22:40:32
4,49562000,0.0060,1,2023-11-13 22:40:32
   ,   price , quantity ,e  ,          timestamp
0,49556000,0.0061,0,2023-11-13 22:40:37
1,49553000,0.0060,0,2023-11-13 22:40:37
2,49552000,0.0552,0,2023-11-13 22:40:37
3,49551000,0.1774,0,2023-11-13 22:40:37
4,49550000,0.0057,0,2023-11-13 22:40:37
0,49559000,0.0403,1,2023-11-13 22:40:37
1,49560000,0.0116,1,2023-11-13 22:40:37
2,49561000,0.0531,1,2023-11-13 22:40:37
3,49562000,0.0060,1,2023-11-13 22:40:37
4,49563000,0.0052,1,2023-11-13 22:40:37
   ,   price , quantity ,e  ,          timestamp
0,49555000,0.0055,0,2023-11-13 22:40:42
1,49553000,0.0129,0,2023-11-13 22:40:42
2,49552000,0.0552,0,2023-11-13 22:40:42
3,49551000,0.1774,0,2023-11-13 22:40:42
4,49550000,0.0057,0,2023-11-13 22:40:42
0,49557000,0.0070,1,2023-11-13 22:40:42
1,49559000,0.0500,1,2023-11-13 22:40:42
2,49560000,0.0267,1,2023-11-13 22:40:42
3,49561000,0.0529,1,2023-11-13 22:40:42
4,49562000,0.0060,1,2023-11-13 22:40:42
   ,   price , quantity ,e  ,          timestamp
0,49556000,0.2159,0,2023-11-13 22:40:47
1,49555000,0.2174,0,2023-11-13 22:40:47
2,49553000,0.0129,0,2023-11-13 22:40:47
3,49552000,0.0980,0,2023-11-13 22:40:47
4,49551000,0.1774,0,2023-11-13 22:40:47
0,49559000,0.0354,1,2023-11-13 22:40:47
1,49560000,0.0267,1,2023-11-13 22:40:47
2,49561000,0.0208,1,2023-11-13 22:40:47
3,49562000,0.0262,1,2023-11-13 22:40:47
4,49563000,0.1584,1,2023-11-13 22:40:47
   ,   price , quantity ,e  ,          timestamp
0,49553000,0.0028,0,2023-11-13 22:40:52
1,49552000,0.0060,0,2023-11-13 22:40:52
2,49551000,0.1774,0,2023-11-13 22:40:52
3,49550000,0.0057,0,2023-11-13 22:40:52
4,49549000,0.0061,0,2023-11-13 22:40:52
0,49556000,0.0572,1,2023-11-13 22:40:52
1,49557000,0.0042,1,2023-11-13 22:40:52
2,49559000,0.0521,1,2023-11-13 22:40:52
3,49560000,0.0267,1,2023-11-13 22:40:52
4,49561000,0.0208,1,2023-11-13 22:40:52
   ,   price , quantity ,e  ,          timestamp
0,49552000,0.0060,0,2023-11-13 22:40:57
1,49551000,0.1774,0,2023-11-13 22:40:57
2,49550000,0.0057,0,2023-11-13 22:40:57
3,49549000,0.0061,0,2023-11-13 22:40:57
4,49548000,0.0043,0,2023-11-13 22:40:57
0,49553000,0.5395,1,2023-11-13 22:40:57
1,49554000,0.0049,1,2023-11-13 22:40:57
2,49555000,0.0521,1,2023-11-13 22:40:57
3,49556000,0.7925,1,2023-11-13 22:40:57
4,49557000,0.0042,1,2023-11-13 22:40:57
   ,   price , quantity ,e  ,          timestamp
0,49552000,0.0019,0,2023-11-13 22:41:02
1,49551000,0.1774,0,2023-11-13 22:41:02
2,49550000,0.0073,0,2023-11-13 22:41:02
3,49549000,0.0061,0,2023-11-13 22:41:02
4,49548000,0.0043,0,2023-11-13 22:41:02
0,49553000,0.5090,1,2023-11-13 22:41:02
1,49554000,0.0049,1,2023-11-13 22:41:02
2,49555000,0.0519,1,2023-11-13 22:41:02
3,49556000,0.7925,1,2023-11-13 22:41:02
4,49557000,0.0042,1,2023-11-13 22:41:02
   ,   price , quantity ,e  ,          timestamp
0,49552000,0.0099,0,2023-11-13 22:41:07
1,49551000,0.1774,0,2023-11-13 22:41:07
2,49550000,0.0073,0,2023-11-13 22:41:07
3,49549000,0.0061,0,2023-11-13 22:41:07
4,49548000,0.0043,0,2023-11-13 22:41:07
0,49553000,0.4269,1,2023-11-13 22:41:07
1,49554000,0.0049,1,2023-11-13 22:41:07
2,49555000,0.0518,1,2023-11-13 22:41:07
3,49556000,0.7925,1,2023-11-13 22:41:07
4,49557000,0.0042,1,2023-11-13 22:41:07
   ,   price , quantity ,e  ,          timestamp
0,49551000,0.3730,0,2023-11-13 22:41:11
1,49550000,0.0073,0,2023-11-13 22:41:11
2,49549000,0.0061,0,2023-11-13 22:41:11
3,49548000,0.0043,0,2023-11-13 22:41:11
4,49547000,0.0882,0,2023-11-13 22:41:11
0,49553000,0.2779,1,2023-11-13 22:41:11
1,49554000,0.0049,1,2023-11-13 22:41:11
2,49556000,0.7925,1,2023-11-13 22:41:11
3,49557000,0.0042,1,2023-11-13 22:41:11
4,49559000,0.0060,1,2023-11-13 22:41:11
   ,   price , quantity ,e  ,          timestamp
0,49552000,0.2119,0,2023-11-13 22:41:16
1,49551000,0.3730,0,2023-11-13 22:41:16
2,49550000,0.0075,0,2023-11-13 22:41:16
3,49549000,0.0063,0,2023-11-13 22:41:16
4,49548000,0.0457,0,2023-11-13 22:41:16
0,49553000,0.0900,1,2023-11-13 22:41:16
1,49554000,0.0051,1,2023-11-13 22:41:16
2,49556000,0.7653,1,2023-11-13 22:41:16
3,49557000,0.0042,1,2023-11-13 22:41:16
4,49559000,0.0060,1,2023-11-13 22:41:16
   ,   price , quantity ,e  ,          timestamp
0,49553000,0.3318,0,2023-11-13 22:41:21
1,49552000,0.2179,0,2023-11-13 22:41:21
2,49551000,0.1613,0,2023-11-13 22:41:21
3,49550000,0.0493,0,2023-11-13 22:41:21
4,49549000,0.0063,0,2023-11-13 22:41:21
0,49555000,0.0500,1,2023-11-13 22:41:21
1,49556000,0.7653,1,2023-11-13 22:41:21
2,49557000,0.0044,1,2023-11-13 22:41:21
3,49559000,0.0062,1,2023-11-13 22:41:21
4,49560000,0.0067,1,2023-11-13 22:41:21
   ,   price , quantity ,e  ,          timestamp
0,49553000,0.3318,0,2023-11-13 22:41:26
1,49552000,0.2179,0,2023-11-13 22:41:26
2,49551000,0.2463,0,2023-11-13 22:41:26
3,49550000,0.0075,0,2023-11-13 22:41:26
4,49549000,0.0063,0,2023-11-13 22:41:26
0,49555000,0.4233,1,2023-11-13 22:41:26
1,49556000,0.0003,1,2023-11-13 22:41:26
2,49557000,0.0044,1,2023-11-13 22:41:26
3,49559000,0.0062,1,2023-11-13 22:41:26
4,49560000,0.0067,1,2023-11-13 22:41:26
   ,   price , quantity ,e  ,          timestamp
0,49553000,0.3218,0,2023-11-13 22:41:31
1,49552000,0.2179,0,2023-11-13 22:41:31
2,49551000,0.2463,0,2023-11-13 22:41:31
3,49550000,0.0075,0,2023-11-13 22:41:31
4,49549000,0.0063,0,2023-11-13 22:41:31
0,49555000,0.4060,1,2023-11-13 22:41:31
1,49556000,0.0003,1,2023-11-13 22:41:31
2,49557000,0.0044,1,2023-11-13 22:41:31
3,49559000,0.0062,1,2023-11-13 22:41:31
4,49560000,0.0067,1,2023-11-13 22:41:31
   ,   price , quantity ,e  ,          timestamp
0,49553000,0.0570,0,2023-11-13 22:41:36
1,49552000,0.0062,0,2023-11-13 22:41:36
2,49551000,0.1613,0,2023-11-13 22:41:36
3,49550000,0.0075,0,2023-11-13 22:41:36
4,49549000,0.0063,0,2023-11-13 22:41:36
0,49554000,0.0051,1,2023-11-13 22:41:36
1,49555000,0.4593,1,2023-11-13 22:41:36
2,49556000,0.6795,1,2023-11-13 22:41:36
3,49557000,0.0085,1,2023-11-13 22:41:36
4,49559000,0.0062,1,2023-11-13 22:41:36
   ,   price , quantity ,e  ,          timestamp
0,49553000,0.0546,0,2023-11-13 22:41:41
1,49552000,0.0062,0,2023-11-13 22:41:41
2,49551000,0.2452,0,2023-11-13 22:41:41
3,49550000,0.0075,0,2023-11-13 22:41:41
4,49549000,0.0063,0,2023-11-13 22:41:41
0,49555000,0.3889,1,2023-11-13 22:41:41
1,49556000,0.6795,1,2023-11-13 22:41:41
2,49557000,0.0085,1,2023-11-13 22:41:41
3,49559000,0.0062,1,2023-11-13 22:41:41
4,49560000,0.0067,1,2023-11-13 22:41:41
   ,   price , quantity ,e  ,          timestamp
0,49553000,0.0388,0,2023-11-13 22:41:46
1,49552000,0.0062,0,2023-11-13 22:41:46
